3408 5360
777 425 927 490 29.

201 609 378 693 saepissime
401 607 595 692 vituperavit
614 610 646 670 et
666 607 706 670 ab
726 629 763 670 ea
782 606 921 672 vicissim
942 628 1116 690 numquam
1136 606 1312 672 honoratus
1336 613 1395 675 est.

246 713 346 780 Nemo
378 713 492 778 melius
523 736 619 798 quarn
642 713 709 799 ipse
733 712 905 797 Sophocles
928 713 1055 777 notarit
1077 713 1292 778 diversitatem
1315 716 1394 780 artis

202 843 275 886 suae
297 825 329 886 et
351 819 550 904 Euripideae.
574 819 663 884 Nota
685 823 761 884 sunt
785 819 852 883 eius
871 817 1017 904 rerba¹):
1039 821 1132 891 αὐτὸς
1145 821 1202 894 μὲν
1215 817 1393 899 ἀνθρώπους

202 925 274 999 οἵους
299 927 345 991 δεῖ
366 929 459 1004 ποιῶ,
484 926 647 1004 Εὐριπίδης
674 927 704 990 δὲ
728 920 779 989 οἷοι
801 927 886 990 εἰσίν.
911 924 996 990 Sunt
1005 926 1140 990 fortasse
1152 925 1208 1010 qui
1220 928 1394 992 secuudum

201 1034 284 1099 hanc
303 1034 495 1099 senteutiam
515 1035 571 1098 aut
591 1033 677 1097 hunc
689 1035 746 1096 aut
757 1031 850 1096 illum
862 1053 992 1116 prorsus
1004 1032 1221 1096 damnandum
1235 1038 1393 1102 censeant.

201 1141 290 1218 Quod
320 1159 380 1224 ego
410 1139 508 1223 longe
540 1138 659 1222 rejicio,
692 1137 779 1202 Licet
814 1160 890 1203 saue
925 1139 1096 1223 unicuique
1130 1139 1163 1202 id
1200 1161 1302 1224 genus
1336 1141 1397 1205 sibi

201 1248 333 1331 eligere,
370 1265 433 1330 quo
456 1245 594 1309 maxime
619 1245 810 1322 delectatur,
833 1244 906 1308 odio
930 1266 1005 1308 vero
1029 1244 1109 1308 mihi
1132 1246 1224 1329 digni
1248 1247 1397 1312 ridentur

200 1355 256 1439 qui
281 1375 298 1417 e
327 1351 453 1436 tripode
476 1351 690 1435 pronuntient
711 1355 812 1415 artem
836 1373 993 1414 summam
1016 1350 1066 1414 his
1091 1351 1194 1415 illisve
1218 1353 1394 1436 praeceptis

200 1461 383 1536 terminari,
407 1469 512 1523 cetera
532 1457 624 1522 flocci
648 1457 892 1523 nonfacienda.

246 1567 336 1642 Quod
355 1567 390 1630 in
415 1567 610 1651 tragicorum
635 1563 830 1630 Graecorum
854 1565 1091 1648 comparatione
1110 1587 1208 1649 quum
1229 1564 1395 1630 Aristo·

202 1672 331 1757 phaui
354 1672 530 1737 condonari
552 1672 671 1756 possit,
696 1672 747 1735 cui
771 1671 860 1735 nulla
880 1673 1062 1756 suppeteret
1080 1672 1214 1736 scientia
1235 1673 1396 1736 variorum

201 1779 364 1845 literarum
395 1801 567 1866 generum,
600 1816 641 1827 —
673 1778 708 1841 iu
739 1778 968 1842 recentioribus
1001 1773 1092 1842 valde
1123 1779 1275 1856 offendit,
1306 1779 1397 1862 quasi

200 1885 352 1969 ignorent
385 1908 541 1950 summam
576 1885 702 1949 laudem
732 1885 767 1948 in
799 1884 909 1948 cadem
941 1887 1010 1948 arte
1040 1884 1259 1948 diversissimis
1293 1885 1396 1948 modis

202 1994 385 2056 consecutos
416 2013 482 2056 esse
512 1991 651 2075 tragicos
677 1989 814 2055 Graecos
845 1994 878 2053 et
909 1988 1160 2073 Shakespereum
1193 1990 1395 2075 tragicosqne

204 2097 389 2166 Germanos.

247 2203 331 2270 Nam
366 2205 394 2269 si
427 2204 608 2269 universam
638 2202 836 2286 tragoediam
867 2205 1008 2285 spectas,
1040 2202 1184 2286 profecto
1207 2225 1273 2268 non
1293 2205 1396 2268 solum

203 2311 312 2377 heroda
337 2311 402 2375 fato
426 2314 483 2374 aut
505 2330 598 2374 caeco
622 2330 727 2373 errore
750 2311 919 2392 pereuntes
943 2312 1051 2392 aptam
1075 2309 1284 2393 suppeditant
1298 2312 1395 2374 mate·

203 2419 297 2496 riem,
328 2418 382 2482 sed
414 2416 510 2482 etiam
541 2415 687 2480 homines
719 2415 818 2479 animi
840 2415 1136 2500 perturbationibus
1160 2418 1193 2479 et
1216 2415 1395 2480 affectioni·

202 2525 261 2589 bus
283 2524 347 2589 huc
369 2524 446 2589 illuc
463 2523 588 2608 jactati.
611 2522 694 2586 Illud
720 2522 890 2605 grandius,
910 2521 972 2586 hoc
992 2521 1158 2598 humilius,
1180 2522 1234 2585 sed
1254 2520 1397 2604 profecto

204 2653 269 2695 non
293 2631 400 2695 minus
419 2631 594 2714 tragicum
616 2633 779 2715 praeterea
799 2628 891 2692 nobis
911 2629 1018 2712 potius
1038 2627 1246 2710 gaudendum
1258 2629 1397 2692 estartis

204 2737 406 2801 varietate
428 2735 561 2820 perinde
580 2755 617 2798 ac
636 2737 771 2798 naturae
790 2733 974 2798 diversitate
995 2733 1200 2800 delectamur.
1221 2732 1397 2798 Humilita-

203 2846 269 2907 tem
287 2843 376 2906 illam
391 2844 539 2926 spectant
557 2843 590 2904 et
609 2840 671 2904 alia
690 2838 917 2924 Aristophanis
937 2839 1072 2905 crimina
1084 2837 1111 2925 ⁸)
1124 2842 1157 2904 et
1166 2840 1271 2904 irrisio
1282 2861 1396 2925 regum

204 2947 451 3013 claudicantium
471 2952 503 3013 et
521 2947 746 3032 squalentium.
767 2945 903 3023 Quodsi
922 2946 1072 3030 antiquae
1084 2947 1267 3030 tragoediae
1278 2947 1398 3031 regulis

203 3054 364 3133 metiaris,
386 3055 466 3120 vitio
498 3058 564 3131 est3
593 3090 636 3102 -
663 3052 887 3136 reputantibus
911 3072 984 3116 vero
1009 3055 1138 3136 poetam
1161 3056 1399 3137 repraesentare

203 3161 369 3226 hominurn
392 3161 523 3226 affectus
543 3163 576 3224 et
596 3181 686 3224 maus
707 3153 757 3222 olor
778 3159 871 3236 alcia,
892 3179 960 3222 non
980 3162 1048 3222 tam
1069 3159 1134 3222 acri
1155 3159 1399 3242 reprehensione

203 3267 338 3352 dignum
357 3270 464 3352 potest
482 3267 583 3332 videri
603 3266 689 3350 quod
709 3264 892 3342 Menelaus,
915 3265 971 3349 qui
983 3285 1087 3349 nuper
1099 3264 1303 3349 naufragium
1315 3266 1399 3332 fece-

204 3373 264 3452 rit,
296 3394 362 3438 nun
393 3373 512 3438 incedit
541 3372 710 3457 splendida
732 3374 820 3436 veste
842 3371 1050 3455 conspicuus3
1074 3371 1160 3455 quod
1183 3371 1399 3455 Bellerophon

204 3479 259 3563 qui
281 3480 321 3543 de
343 3478 431 3544 coelo
454 3479 607 3544 deciderit
630 3499 761 3563 corpore
784 3477 921 3543 laborat.
946 3476 1033 3552 Quae
1054 3477 1346 3542 omniadummudo
1359 3500 1400 3542 ne

203 3583 369 3649 ridiculam
399 3583 574 3670 praebeant
599 3584 736 3669 speciem
759 3584 841 3650 bene
865 3584 1105 3649 accommodata
1131 3586 1207 3648 sunt
1229 3584 1270 3648 ad
1292 3583 1397 3648 incul-

203 3693 337 3755 candam
360 3691 591 3775 spectatoribus
619 3689 784 3775 potentiae
815 3694 847 3755 et
868 3689 1032 3754 felicitatis
1055 3689 1163 3774 regiae
1188 3689 1398 3774 fragilitatem

203 3799 238 3861 et
259 3796 433 3862 vanitatem
446 3798 484 3881 8).

238 4050 267 4115 l)
283 4051 352 4116 Apud
368 4049 471 4099 Aristot.
488 4051 552 4115 poet.
570 4067 591 4100 o.
609 4049 650 4100 25.
668 4065 706 4116 pg.
725 4049 823 4102 1460&

237 4133 267 4198 2)
285 4131 354 4194 Quae
370 4131 451 4182 omnia
466 4133 586 4182 ordinarit
603 4137 629 4183 et
645 4135 763 4184 recensuit
779 4150 801 4183 r.
819 4132 849 4182 ol.
866 4148 889 4182 r.
907 4134 1022 4183 bauran
1038 4131 1132 4184 dissert.
1149 4149 1221 4201 supra
1238 4135 1341 4186 laudata.

239 4216 267 4276 8)
284 4213 381 4264 Priores
396 4214 483 4278 tragici
500 4231 555 4264 raro
572 4217 601 4264 ad
618 4232 671 4266 eam
687 4216 783 4266 babitus
796 4219 821 4266 et
829 4215 975 4265 condicionis
984 4215 1147 4266 humilitatem
1156 4217 1401 4284 descendebant,quia

205 4311 252 4345 aon
274 4295 383 4360 vulgaras
407 4296 525 4346 eiusmodi
546 4313 613 4347 casus
636 4297 803 4364 producebant
827 4297 956 4363 Sophoclea
973 4301 1054 4348 umen
1071 4302 1169 4348 externa
1186 4299 1295 4350 miserim
1313 4301 1401 4351 indicia

205 4393 253 4427 aon
270 4378 411 4444 repudiarit.
429 4379 536 4445 Oedipus
551 4396 652 4445 quoque,
670 4385 795 4446 postquam
812 4395 836 4428 se
852 4380 903 4445 ipae
920 4380 1043 4430 oculorum
1062 4380 1111 4429 acie
1128 4381 1247 4446 spoliavit,
1263 4383 1289 4432 in
1305 4399 1400 4434 scenam

206 4459 268 4510 radit
283 4464 309 4510 et
324 4461 350 4509 in
367 4461 443 4510 altera
460 4462 583 4526 tragoedia
597 4461 626 4511 ab
642 4463 714 4512 initio
724 4477 796 4526 usque
805 4463 950 4512 adduemiu
959 4466 1238 4514 muaremturaaeear
1254 4465 1399 4530 etpraaaidii

206 4542 304 4610 opisque
321 4559 398 4608 agana
426 4545 480 4594 Hac
496 4545 521 4594 iu
539 4561 565 4594 ra
581 4549 662 4596 tamen
678 4545 773 4596 mucadi
790 4549 869 4610 potest
886 4561 966 4596 senem
982 4543 1073 4596 lumine
1090 4544 1201 4597 orbatum
1214 4545 1402 4613 plmdignitatia
