3418 5356
801 466 844 530 99

231 640 344 724 quibus
387 641 512 707 ineerta
553 647 586 707 et
626 665 725 730 prope
767 645 905 713 absurda
938 670 1015 714 sune
1049 655 1180 716 vocatur
1214 652 1369 719 divinatio
1382 651 1419 740 ¹).

273 747 386 813 Potest
416 747 485 813 fieri
515 751 552 813 nt
581 749 643 815 hoo
666 749 786 816 indicio
810 753 853 817 sit
875 759 1001 838 poetam
1022 756 1178 840 paulatim
1198 758 1266 842 jam
1290 781 1420 846 vergere

229 851 264 917 in
282 875 334 918 eas
353 852 589 934 dubitationes,
608 856 717 941 quales
737 857 986 926 innumerabiles
1005 860 1038 926 in
1059 863 1197 928 secunda
1216 867 1320 930 aetote
1335 866 1420 951 jam·

224 980 292 1044 Jam
315 982 475 1027 reeensnrr
497 983 616 1028 sumus.
1338 989 1342 997 ·

724 1250 735 1254 -
739 1249 915 1256 —...-——.—

681 1452 869 1538 CAPUT
891 1454 968 1540 VI.

624 1684 671 1734 DE
695 1683 830 1735 AETATE
853 1684 1022 1737 SECUNDA.

643 1858 662 1932 s
687 1853 717 1917 1.
741 1851 802 1918 ou
823 1856 1000 1942 adpraei.

270 2002 309 2067 In
342 2005 382 2070 iis
415 2003 531 2069 sabulis
554 2025 634 2089 quas
656 2006 831 2070 seeundum
856 2007 1078 2092 eompleotitnr
1101 2007 1254 2092 temporis
1276 2009 1416 2094 spatium

224 2107 404 2175 Necessitas
424 2130 549 2196 quoqne
568 2110 740 2195 aliqnando
753 2115 1020 2176 oommemoratur
1044 2113 1200 2191 verbir;
1224 2115 1260 2177 in
1282 2136 1416 2180 rerum

224 2222 332 2281 tamen
366 2237 461 2282 eursu
491 2216 558 2280 eius
589 2216 636 2281 vis
660 2237 730 2281 raro
763 2217 921 2302 oernitur3
953 2220 986 2282 et
1015 2240 1113 2303 quum
1138 2218 1326 2305 plerumque
1349 2241 1417 2286 sors

224 2323 352 2387 tantum
386 2321 584 2407 signifieetur
619 2322 685 2388 sive
714 2323 772 2387 illa
801 2323 848 2391 vis
879 2345 975 2408 quam
1004 2323 1150 2390 homines
1181 2348 1248 2390 non
1279 2327 1418 2411 effugere

224 2428 366 2512 possint,
397 2449 464 2492 non
495 2432 642 2512 apparet,
676 2433 783 2493 utrum
814 2428 875 2493 fati
905 2430 1070 2496 cuiusdam
1100 2432 1268 2517 imperium
1301 2455 1343 2497 an
1368 2433 1417 2497 di·

225 2533 332 2598 vinum
357 2534 486 2618 aliquod
510 2557 631 2599 numen
653 2534 706 2599 hio
729 2535 937 2619 intelligatur.
963 2534 1065 2602 Oredo
1084 2539 1212 2622 poetam
1231 2538 1267 2602 in
1285 2560 1321 2603 re
1340 2538 1414 2603 obs·

224 2639 346 2705 ouriore
368 2645 486 2705 temere
508 2663 561 2705 ees
583 2662 675 2706 voces
699 2661 883 2706 communes
906 2664 1073 2727 usurpasse
1086 2641 1122 2729 ²).

269 2743 423 2810 Animum
452 2747 559 2831 potius
590 2749 790 2812 attendamus
821 2750 862 2811 ad
892 2749 1048 2814 rationem
1071 2771 1135 2835 qua
1158 2748 1343 2835 depingitur
1365 2750 1416 2834 ip·

222 2872 328 2916 sorum
359 2852 490 2916 deorum
521 2852 706 2936 imperium;
735 2853 830 2937 idque
854 2854 994 2938 primum
1016 2855 1051 2919 in
1076 2854 1246 2940 Hippolyti
1270 2856 1415 2922 coronati

222 2959 419 3043 expositione
443 2958 630 3044 diligentius
653 2960 879 3027 examinemus.

266 3065 306 3129 In
338 3066 473 3151 prologo
505 3065 613 3131 Venus
644 3067 788 3151 queritur
813 3065 1044 3152 Hippolytum,
1068 3067 1182 3133 Thesei
1206 3091 1245 3133 ex
1267 3067 1414 3153 Antiopa

222 3169 342 3249 lilium,
370 3170 492 3236 uultum
512 3194 604 3236 suum
623 3171 840 3257 negligentem
861 3173 902 3236 ab
922 3172 1032 3237 amore
1048 3175 1081 3236 et
1100 3174 1304 3238 matrimonio
1323 3195 1416 3259 pror·

221 3299 275 3343 sus
298 3277 456 3343 abstinere
480 3277 642 3362 solemque
666 3276 803 3342 Dianam
827 3277 985 3362 virginem
1009 3280 1171 3364 venerari3
1193 3279 1227 3343 id
1252 3301 1285 3344 re
1307 3279 1416 3364 indig-

258 3513 285 3577 l)
303 3513 332 3563 ln
354 3513 453 3570 Modra,
474 3517 600 3578 postquam
624 3515 716 3564 Iasonis
732 3513 833 3579 perfidie
850 3515 957 3580 exposita
974 3519 1023 3574 eat,
1041 3516 1138 3579 eiusque
1155 3531 1216 3564 uxor
1231 3516 1375 3580 rignidoarit
1391 3533 1416 3566 re

221 3593 324 3644 terribili
342 3596 436 3646 ratione
452 3595 560 3647 ulturum
576 3612 625 3646 erre
642 3595 757 3660 injurimn
773 3596 818 3646 sibi
834 3597 943 3657 illstam,
962 3596 1049 3647 chorus
1066 3597 1123 3646 heae
1139 3597 1203 3646 osuit
1222 3598 1255 3664 (v.
1275 3597 1325 3647 410
1339 3599 1416 3664 sqq.):

536 3676 585 3727 liro
602 3682 722 3740 ποταμῶν
741 3679 807 3741 lrpdir
824 3681 936 3742 χωροῦσι
953 3677 1049 3742 παγαὶ,

538 3759 579 3808 nal
598 3757 655 3810 elna
672 3761 713 3810 nal
731 3759 817 3811 πάντα
833 3759 910 3810 πάλιν
926 3759 1071 3822 στρέφεται.

539 3838 642 3904 ἀνδράσι
661 3841 707 3904 μὶν
724 3840 807 3892 δόλιαι
824 3841 928 3904 βουλαὶ,
945 3839 1002 3890 taur
1019 3839 1043 3889 δ’

537 3921 621 3973 οὐκέτι
638 3923 726 3983 πίστις
743 3923 822 3987 lipaepr.

254 4005 377 4056 Ldblerm
391 4006 443 4072 (pg.
458 4007 504 4072 40)
517 4021 643 4072 perperam
657 4007 731 4056 vertit
749 4006 835 4056 ..elna
847 4005 885 4056 die
900 4007 978 4057 'l'reue
995 4007 1037 4056 der
1048 4005 1236 4057 Gdtterbettaht
1246 4005 1415 4056 niohtmehr.¹¹

222 4088 308 4138 Ultimi
332 4104 415 4139 versor
433 4088 478 4138 hoo
494 4089 564 4138 modo
581 4089 755 4155 interpretrndi
772 4092 840 4139 rnntz
863 4089 923 4138 viris
944 4088 983 4138 vel
1005 4097 1115 4140 murtam
1131 4089 1230 4139 consilia
1246 4089 1348 4154 perfidu
1368 4105 1415 4140 uon

221 4171 323 4236 amplius
340 4188 396 4222 vero
414 4171 444 4221 iis
460 4175 554 4220 onomat
570 4172 627 4220 fider
644 4171 743 4221 deornm
760 4171 788 4232 (i.
807 4187 826 4220 e.
845 4174 873 4220 nt
890 4171 936 4221 diis
953 4173 1074 4222 oonlldant
1090 4187 1176 4236 eosque
1193 4171 1359 4236 venerentur).

252 4253 281 4318 2)
300 4253 396 4302 Hereol.
415 4254 464 4302 608
481 4252 592 4302 fortunae
610 4252 784 4303 vicissitudines
802 4253 849 4302 diis
864 4255 889 4302 et
903 4253 976 4319 μοίρᾳ
992 4253 1138 4318 oonjnnotim
1152 4252 1325 4304 attribuuntur.
1342 4255 1416 4304 Hero.

218 4336 266 4386 ior.
281 4335 330 4387 282
345 4339 562 4386 oommemorantnr
581 4334 718 4397 ἄνηκιιΐις
733 4336 824 4396 τρόπις
839 4337 863 4383 et
872 4336 920 4386 811
931 4336 961 4384 rt
972 4334 1059 4399 χρεόν.
1074 4336 1132 4384 lieo.
1143 4334 1221 4393 120⁶,
1232 4335 1275 4384 Or.
1284 4335 1347 4394 488,
1358 4334 1415 4384 Hel.

223 4419 272 4470 ru
295 4415 392 4482 ὶνάγκη
414 4418 505 4468 invicta
527 4419 633 4467 vocetur.
658 4417 714 4467 Hel.
743 4417 807 4466 luto
823 4419 848 4466 et
866 4417 901 4468 El.
921 4419 985 4468 1³01
1007 4417 1116 4468 Dioscuri
1132 4419 1252 4466 testantur
1268 4431 1293 4466 ue
1308 4431 1415 4466 rororuu

218 4516 315 4550 sanare
332 4516 379 4551 non
396 4500 501 4566 potuisse
521 4513 575 4550 oum
592 4499 777 4564 prohiberentur
789 4516 804 4548 a
818 4499 865 4550 diis
881 4503 905 4550 et
919 4500 976 4550 lato.
997 4501 1091 4550 litenim
1107 4498 1215 4564 Diorpuri
1228 4503 1297 4550 erant
1311 4499 1416 4550 minorat

216 4583 253 4633 dii
270 4581 370 4646 subjecti
388 4583 489 4649 imperio
506 4581 664 4646 superiorum.
