<?xml version="1.0" encoding="UTF-8"?>
<!DOCTYPE html PUBLIC "-//W3C//DTD XHTML 1.0 Transitional//EN"
    "http://www.w3.org/TR/xhtml1/DTD/xhtml1-transitional.dtd">
<html xmlns="http://www.w3.org/1999/xhtml" xml:lang="en" lang="en">
 <head>
  <title>
</title>
<meta http-equiv="Content-Type" content="text/html;charset=utf-8" />
  <meta name='ocr-system' content='tesseract 3.04.00' />
  <meta name='ocr-capabilities' content='ocr_page ocr_carea ocr_par ocr_line ocrx_word'/>
</head>
<body>
  <div class='ocr_page' id='page_1' title='image "./commentatiodeeu00berlgoog_0049.png"; bbox 0 0 3408 5360; ppageno 0'>
   <div class='ocr_carea' id='block_1_1' title="bbox 902 476 944 542">
    <p class='ocr_par' dir='ltr' id='par_1_1' title="bbox 902 476 944 542">
     <span class='ocr_line' id='line_1_1' title="bbox 902 476 944 542; baseline -0.048 0"><span class='ocrx_word' id='word_1_1' title='bbox 902 476 944 542; x_wconf 85' lang='lat'>34</span> 
     </span>
    </p>
   </div>
   <div class='ocr_carea' id='block_1_2' title="bbox 231 657 1511 2659">
    <p class='ocr_par' dir='ltr' id='par_1_2' title="bbox 326 657 1511 1381">
     <span class='ocr_line' id='line_1_2' title="bbox 328 657 1511 745; baseline -0.004 -20"><span class='ocrx_word' id='word_1_2' title='bbox 328 661 381 725; x_wconf 89' lang='lat' dir='ltr'>sed</span> <span class='ocrx_word' id='word_1_3' title='bbox 412 659 555 745; x_wconf 87' lang='lat' dir='ltr'>singulos</span> <span class='ocrx_word' id='word_1_4' title='bbox 583 660 720 736; x_wconf 82' lang='lat' dir='ltr'>diverse,</span> <span class='ocrx_word' id='word_1_5' title='bbox 745 664 842 744; x_wconf 88' lang='lat' dir='ltr'>prout</span> <span class='ocrx_word' id='word_1_6' title='bbox 866 660 1005 725; x_wconf 87' lang='lat' dir='ltr'>moribus</span> <span class='ocrx_word' id='word_1_7' title='bbox 1029 660 1167 735; x_wconf 79' lang='lat' dir='ltr'>distant3</span> <span class='ocrx_word' id='word_1_8' title='bbox 1191 662 1260 723; x_wconf 91' lang='lat' dir='ltr'>tum</span> <span class='ocrx_word' id='word_1_9' title='bbox 1284 657 1449 742; x_wconf 89' lang='lat' dir='ltr'>plerosque</span> <span class='ocrx_word' id='word_1_10' title='bbox 1472 660 1511 720; x_wconf 93' lang='lat' dir='ltr'>ad</span> 
     </span>
     <span class='ocr_line' id='line_1_3' title="bbox 326 763 1511 850; baseline -0.005 -19"><span class='ocrx_word' id='word_1_11' title='bbox 326 766 477 831; x_wconf 89' lang='lat' dir='ltr'>virtutem</span> <span class='ocrx_word' id='word_1_12' title='bbox 500 769 532 830; x_wconf 92' lang='lat' dir='ltr'>et</span> <span class='ocrx_word' id='word_1_13' title='bbox 556 765 595 829; x_wconf 91' lang='lat' dir='ltr'>ad</span> <span class='ocrx_word' id='word_1_14' title='bbox 618 765 696 830; x_wconf 91' lang='lat' dir='ltr'>vitia</span> <span class='ocrx_word' id='word_1_15' title='bbox 719 786 816 849; x_wconf 90' lang='lat' dir='ltr'>aeque</span> <span class='ocrx_word' id='word_1_16' title='bbox 839 768 950 842; x_wconf 88' lang='lat' dir='ltr'>natos,</span> <span class='ocrx_word' id='word_1_17' title='bbox 974 767 1082 850; x_wconf 90' lang='lat' dir='ltr'>quales</span> <span class='ocrx_word' id='word_1_18' title='bbox 1106 764 1199 829; x_wconf 90' lang='lat' dir='ltr'>multi</span> <span class='ocrx_word' id='word_1_19' title='bbox 1221 763 1368 828; x_wconf 86' lang='lat' dir='ltr'>omnibus</span> <span class='ocrx_word' id='word_1_20' title='bbox 1391 767 1511 846; x_wconf 89' lang='lat' dir='ltr'>tempo-</span> 
     </span>
     <span class='ocr_line' id='line_1_4' title="bbox 327 869 1510 955; baseline -0.005 -18"><span class='ocrx_word' id='word_1_21' title='bbox 327 872 413 937; x_wconf 85' lang='lat' dir='ltr'>ribus</span> <span class='ocrx_word' id='word_1_22' title='bbox 444 872 661 938; x_wconf 89' lang='lat' dir='ltr'>inveniuntur.</span> <span class='ocrx_word' id='word_1_23' title='bbox 698 870 738 936; x_wconf 90' lang='lat' dir='ltr'>In</span> <span class='ocrx_word' id='word_1_24' title='bbox 768 871 862 936; x_wconf 92' lang='lat' dir='ltr'>rebus</span> <span class='ocrx_word' id='word_1_25' title='bbox 885 871 1055 936; x_wconf 89' lang='lat' dir='ltr'>levioribus</span> <span class='ocrx_word' id='word_1_26' title='bbox 1086 892 1212 955; x_wconf 91' lang='lat' dir='ltr'>quoque</span> <span class='ocrx_word' id='word_1_27' title='bbox 1234 869 1400 934; x_wconf 88' lang='lat' dir='ltr'>veritatem</span> <span class='ocrx_word' id='word_1_28' title='bbox 1423 890 1510 953; x_wconf 90' lang='lat' dir='ltr'>prea-</span> 
     </span>
     <span class='ocr_line' id='line_1_5' title="bbox 327 975 1509 1062; baseline -0.003 -19"><span class='ocrx_word' id='word_1_29' title='bbox 327 979 391 1043; x_wconf 91' lang='lat' dir='ltr'>sius</span> <span class='ocrx_word' id='word_1_30' title='bbox 420 982 544 1043; x_wconf 90' lang='lat' dir='ltr'>secutus</span> <span class='ocrx_word' id='word_1_31' title='bbox 575 981 640 1055; x_wconf 87' lang='lat' dir='ltr'>eat,</span> <span class='ocrx_word' id='word_1_32' title='bbox 673 977 908 1062; x_wconf 77' lang='lat' dir='ltr'><strong>orationemque</strong></span> <span class='ocrx_word' id='word_1_33' title='bbox 939 977 989 1042; x_wconf 89' lang='lat' dir='ltr'>his</span> <span class='ocrx_word' id='word_1_34' title='bbox 1012 976 1194 1042; x_wconf 89' lang='lat' dir='ltr'>hominibus</span> <span class='ocrx_word' id='word_1_35' title='bbox 1218 978 1250 1040; x_wconf 90' lang='lat' dir='ltr'>et</span> <span class='ocrx_word' id='word_1_36' title='bbox 1272 975 1365 1040; x_wconf 89' lang='lat' dir='ltr'>rebus</span> <span class='ocrx_word' id='word_1_37' title='bbox 1387 997 1509 1042; x_wconf 89' lang='lat' dir='ltr'>accom-</span> 
     </span>
     <span class='ocr_line' id='line_1_6' title="bbox 328 1082 1510 1169; baseline -0.001 -21"><span class='ocrx_word' id='word_1_38' title='bbox 328 1085 486 1163; x_wconf 88' lang='lat' dir='ltr'>modavit,</span> <span class='ocrx_word' id='word_1_39' title='bbox 512 1123 552 1133; x_wconf 91' lang='lat'>—</span> <span class='ocrx_word' id='word_1_40' title='bbox 577 1106 657 1168; x_wconf 91' lang='lat' dir='ltr'>qnae</span> <span class='ocrx_word' id='word_1_41' title='bbox 680 1084 788 1148; x_wconf 90' lang='lat' dir='ltr'>omnia</span> <span class='ocrx_word' id='word_1_42' title='bbox 810 1084 838 1148; x_wconf 92' lang='lat' dir='ltr'>si</span> <span class='ocrx_word' id='word_1_43' title='bbox 860 1083 930 1169; x_wconf 91' lang='lat' dir='ltr'>quis</span> <span class='ocrx_word' id='word_1_44' title='bbox 953 1083 1134 1148; x_wconf 88' lang='lat' dir='ltr'>realismum</span> <span class='ocrx_word' id='word_1_45' title='bbox 1158 1105 1270 1148; x_wconf 88' lang='lat' dir='ltr'>vocare</span> <span class='ocrx_word' id='word_1_46' title='bbox 1292 1082 1369 1147; x_wconf 89' lang='lat' dir='ltr'>velit</span> <span class='ocrx_word' id='word_1_47' title='bbox 1386 1104 1442 1165; x_wconf 90' lang='lat' dir='ltr'>per</span> <span class='ocrx_word' id='word_1_48' title='bbox 1461 1105 1510 1147; x_wconf 91' lang='lat' dir='ltr'>me</span> 
     </span>
     <span class='ocr_line' id='line_1_7' title="bbox 326 1189 1509 1275; baseline -0.001 -22"><span class='ocrx_word' id='word_1_49' title='bbox 326 1190 417 1275; x_wconf 87' lang='lat' dir='ltr'>licet;</span> <span class='ocrx_word' id='word_1_50' title='bbox 442 1191 516 1255; x_wconf 88' lang='lat' dir='ltr'>talis</span> <span class='ocrx_word' id='word_1_51' title='bbox 536 1190 620 1254; x_wconf 90' lang='lat' dir='ltr'>enim</span> <span class='ocrx_word' id='word_1_52' title='bbox 644 1189 822 1275; x_wconf 66' lang='lat' dir='ltr'>rediemus,</span> <span class='ocrx_word' id='word_1_53' title='bbox 848 1191 903 1274; x_wconf 91' lang='lat' dir='ltr'>qui</span> <span class='ocrx_word' id='word_1_54' title='bbox 923 1194 956 1254; x_wconf 93' lang='lat' dir='ltr'>et</span> <span class='ocrx_word' id='word_1_55' title='bbox 975 1190 1123 1254; x_wconf 89' lang='lat' dir='ltr'>sublimia</span> <span class='ocrx_word' id='word_1_56' title='bbox 1145 1189 1334 1254; x_wconf 53' lang='lat' dir='ltr'>et‘hnmilia</span> <span class='ocrx_word' id='word_1_57' title='bbox 1353 1211 1417 1253; x_wconf 91' lang='lat' dir='ltr'>una</span> <span class='ocrx_word' id='word_1_58' title='bbox 1429 1209 1509 1253; x_wconf 91' lang='lat' dir='ltr'>com·</span> 
     </span>
     <span class='ocr_line' id='line_1_8' title="bbox 326 1296 909 1381; baseline -0.002 -20"><span class='ocrx_word' id='word_1_59' title='bbox 326 1297 494 1381; x_wconf 77' lang='lat' dir='ltr'>plectitur,</span> <span class='ocrx_word' id='word_1_60' title='bbox 519 1296 591 1361; x_wconf 90' lang='lat' dir='ltr'>vilis</span> <span class='ocrx_word' id='word_1_61' title='bbox 614 1317 680 1361; x_wconf 86' lang='lat' dir='ltr'>ease</span> <span class='ocrx_word' id='word_1_62' title='bbox 703 1318 770 1361; x_wconf 90' lang='lat' dir='ltr'>non</span> <span class='ocrx_word' id='word_1_63' title='bbox 795 1299 909 1380; x_wconf 88' lang='lat' dir='ltr'>potest.</span> 
     </span>
    </p>

    <p class='ocr_par' dir='ltr' id='par_1_3' title="bbox 231 1399 1510 2659">
     <span class='ocr_line' id='line_1_9' title="bbox 316 1399 1508 1487; baseline -0.003 -19"><span class='ocrx_word' id='word_1_64' title='bbox 316 1399 317 1402; x_wconf 47' lang='lat'>&#39;</span> <span class='ocrx_word' id='word_1_65' title='bbox 371 1402 474 1478; x_wconf 77' lang='lat' dir='ltr'>Quare</span> <span class='ocrx_word' id='word_1_66' title='bbox 499 1402 600 1487; x_wconf 82' lang='lat' dir='ltr'>apage</span> <span class='ocrx_word' id='word_1_67' title='bbox 623 1402 765 1486; x_wconf 89' lang='lat' dir='ltr'>querelas</span> <span class='ocrx_word' id='word_1_68' title='bbox 788 1403 866 1468; x_wconf 89' lang='lat' dir='ltr'>istas</span> <span class='ocrx_word' id='word_1_69' title='bbox 889 1403 974 1487; x_wconf 91' lang='lat' dir='ltr'>quod</span> <span class='ocrx_word' id='word_1_70' title='bbox 998 1425 1017 1467; x_wconf 91' lang='lat' dir='ltr'>a</span> <span class='ocrx_word' id='word_1_71' title='bbox 1040 1401 1215 1487; x_wconf 81' lang='lat' dir='ltr'>Sophoclea</span> <span class='ocrx_word' id='word_1_72' title='bbox 1239 1401 1290 1466; x_wconf 93' lang='lat' dir='ltr'>via</span> <span class='ocrx_word' id='word_1_73' title='bbox 1313 1401 1394 1465; x_wconf 90' lang='lat' dir='ltr'>mele</span> <span class='ocrx_word' id='word_1_74' title='bbox 1418 1400 1508 1464; x_wconf 91' lang='lat' dir='ltr'>aber-</span> 
     </span>
     <span class='ocr_line' id='line_1_10' title="bbox 324 1508 1509 1593; baseline 0 -21"><span class='ocrx_word' id='word_1_75' title='bbox 324 1510 451 1574; x_wconf 86' lang='lat' dir='ltr'>raverit.</span> <span class='ocrx_word' id='word_1_76' title='bbox 481 1508 565 1575; x_wconf 88' lang='lat' dir='ltr'>Nam</span> <span class='ocrx_word' id='word_1_77' title='bbox 595 1512 632 1572; x_wconf 90' lang='lat' dir='ltr'>nt</span> <span class='ocrx_word' id='word_1_78' title='bbox 664 1509 826 1574; x_wconf 88' lang='lat' dir='ltr'>mittamus</span> <span class='ocrx_word' id='word_1_79' title='bbox 857 1512 982 1573; x_wconf 89' lang='lat' dir='ltr'>mutata</span> <span class='ocrx_word' id='word_1_80' title='bbox 1012 1513 1157 1593; x_wconf 87' lang='lat' dir='ltr'>tempora</span> <span class='ocrx_word' id='word_1_81' title='bbox 1180 1508 1269 1572; x_wconf 89' lang='lat' dir='ltr'>nullo</span> <span class='ocrx_word' id='word_1_82' title='bbox 1293 1509 1386 1572; x_wconf 92' lang='lat' dir='ltr'>modo</span> <span class='ocrx_word' id='word_1_83' title='bbox 1410 1529 1509 1573; x_wconf 92' lang='lat' dir='ltr'>novos</span> 
     </span>
     <span class='ocr_line' id='line_1_11' title="bbox 323 1613 1510 1700; baseline -0.002 -20"><span class='ocrx_word' id='word_1_84' title='bbox 323 1614 498 1700; x_wconf 81' lang='lat' dir='ltr'>Aeschylos</span> <span class='ocrx_word' id='word_1_85' title='bbox 521 1614 570 1679; x_wconf 94' lang='lat' dir='ltr'>vel</span> <span class='ocrx_word' id='word_1_86' title='bbox 594 1613 764 1698; x_wconf 81' lang='lat' dir='ltr'>Sophocles</span> <span class='ocrx_word' id='word_1_87' title='bbox 787 1615 979 1700; x_wconf 79' lang='lat' dir='ltr'>progignere</span> <span class='ocrx_word' id='word_1_88' title='bbox 1002 1615 1163 1700; x_wconf 85' lang='lat' dir='ltr'>petuisse3</span> <span class='ocrx_word' id='word_1_89' title='bbox 1189 1653 1230 1664; x_wconf 89' lang='lat'>-</span> <span class='ocrx_word' id='word_1_90' title='bbox 1256 1617 1290 1678; x_wconf 90' lang='lat' dir='ltr'>at</span> <span class='ocrx_word' id='word_1_91' title='bbox 1312 1636 1421 1679; x_wconf 89' lang='lat' dir='ltr'>omnes</span> <span class='ocrx_word' id='word_1_92' title='bbox 1444 1615 1510 1679; x_wconf 88' lang='lat' dir='ltr'>fere</span> 
     </span>
     <span class='ocr_line' id='line_1_12' title="bbox 324 1721 1510 1806; baseline -0.001 -20"><span class='ocrx_word' id='word_1_93' title='bbox 324 1721 427 1806; x_wconf 87' lang='lat' dir='ltr'>mythi</span> <span class='ocrx_word' id='word_1_94' title='bbox 459 1722 534 1786; x_wconf 92' lang='lat' dir='ltr'>huic</span> <span class='ocrx_word' id='word_1_95' title='bbox 567 1722 676 1806; x_wconf 87' lang='lat' dir='ltr'>generi</span> <span class='ocrx_word' id='word_1_96' title='bbox 711 1722 778 1806; x_wconf 85' lang='lat' dir='ltr'>apti</span> <span class='ocrx_word' id='word_1_97' title='bbox 811 1723 939 1787; x_wconf 87' lang='lat' dir='ltr'>tractati</span> <span class='ocrx_word' id='word_1_98' title='bbox 974 1726 1084 1800; x_wconf 90' lang='lat' dir='ltr'>erant,</span> <span class='ocrx_word' id='word_1_99' title='bbox 1122 1743 1225 1806; x_wconf 88' lang='lat' dir='ltr'>neque</span> <span class='ocrx_word' id='word_1_100' title='bbox 1248 1722 1347 1806; x_wconf 85' lang='lat' dir='ltr'>igitur</span> <span class='ocrx_word' id='word_1_101' title='bbox 1369 1721 1510 1785; x_wconf 87' lang='lat' dir='ltr'>restabat</span> 
     </span>
     <span class='ocr_line' id='line_1_13' title="bbox 323 1827 1507 1914; baseline -0.002 -22"><span class='ocrx_word' id='word_1_102' title='bbox 323 1829 386 1893; x_wconf 91' lang='lat' dir='ltr'>nisi</span> <span class='ocrx_word' id='word_1_103' title='bbox 419 1828 491 1893; x_wconf 94' lang='lat' dir='ltr'>illos</span> <span class='ocrx_word' id='word_1_104' title='bbox 524 1829 717 1906; x_wconf 77' lang='lat' dir='ltr'>describere,</span> <span class='ocrx_word' id='word_1_105' title='bbox 755 1851 831 1893; x_wconf 91' lang='lat' dir='ltr'>nam</span> <span class='ocrx_word' id='word_1_106' title='bbox 865 1828 1019 1914; x_wconf 90' lang='lat' dir='ltr'>quidquid</span> <span class='ocrx_word' id='word_1_107' title='bbox 1053 1831 1230 1893; x_wconf 72' lang='lat' dir='ltr'>mutaretur</span> <span class='ocrx_word' id='word_1_108' title='bbox 1266 1827 1507 1912; x_wconf 82' lang='lat' dir='ltr'>depravabatur.</span> 
     </span>
     <span class='ocr_line' id='line_1_14' title="bbox 313 1934 1508 2020; baseline -0.001 -20"><span class='ocrx_word' id='word_1_109' title='bbox 313 1934 435 2019; x_wconf 69' lang='lat' dir='ltr'>⁴Itaque</span> <span class='ocrx_word' id='word_1_110' title='bbox 468 1936 696 2020; x_wconf 81' lang='lat' dir='ltr'>applaudamus</span> <span class='ocrx_word' id='word_1_111' title='bbox 726 1936 832 2020; x_wconf 89' lang='lat' dir='ltr'>potius</span> <span class='ocrx_word' id='word_1_112' title='bbox 864 1935 941 2001; x_wconf 88' lang='lat' dir='ltr'>artis</span> <span class='ocrx_word' id='word_1_113' title='bbox 976 1935 1095 2000; x_wconf 90' lang='lat' dir='ltr'>rationi</span> <span class='ocrx_word' id='word_1_114' title='bbox 1119 1956 1185 1999; x_wconf 92' lang='lat' dir='ltr'>non</span> <span class='ocrx_word' id='word_1_115' title='bbox 1207 1937 1316 1999; x_wconf 90' lang='lat' dir='ltr'>eodem</span> <span class='ocrx_word' id='word_1_116' title='bbox 1340 1934 1409 1999; x_wconf 91' lang='lat' dir='ltr'>loco</span> <span class='ocrx_word' id='word_1_117' title='bbox 1433 1935 1508 1999; x_wconf 89' lang='lat' dir='ltr'>sub-</span> 
     </span>
     <span class='ocr_line' id='line_1_15' title="bbox 323 2040 1509 2128; baseline -0.002 -22"><span class='ocrx_word' id='word_1_118' title='bbox 323 2041 447 2107; x_wconf 83' lang='lat' dir='ltr'>sistenti</span> <span class='ocrx_word' id='word_1_119' title='bbox 479 2043 533 2106; x_wconf 91' lang='lat' dir='ltr'>sed</span> <span class='ocrx_word' id='word_1_120' title='bbox 563 2042 798 2128; x_wconf 88' lang='lat' dir='ltr'>progredienti;</span> <span class='ocrx_word' id='word_1_121' title='bbox 829 2045 1021 2127; x_wconf 85' lang='lat' dir='ltr'>gaudeamus</span> <span class='ocrx_word' id='word_1_122' title='bbox 1041 2045 1143 2127; x_wconf 92' lang='lat' dir='ltr'>quod,</span> <span class='ocrx_word' id='word_1_123' title='bbox 1169 2063 1239 2106; x_wconf 88' lang='lat' dir='ltr'>cnm</span> <span class='ocrx_word' id='word_1_124' title='bbox 1264 2041 1402 2105; x_wconf 84' lang='lat' dir='ltr'>maxima</span> <span class='ocrx_word' id='word_1_125' title='bbox 1424 2040 1509 2105; x_wconf 92' lang='lat' dir='ltr'>bona</span> 
     </span>
     <span class='ocr_line' id='line_1_16' title="bbox 323 2146 1507 2234; baseline -0.003 -21"><span class='ocrx_word' id='word_1_126' title='bbox 323 2147 495 2225; x_wconf 89' lang='lat' dir='ltr'>amisisset,</span> <span class='ocrx_word' id='word_1_127' title='bbox 527 2170 610 2214; x_wconf 92' lang='lat' dir='ltr'>nova</span> <span class='ocrx_word' id='word_1_128' title='bbox 642 2149 825 2232; x_wconf 86' lang='lat' dir='ltr'>conquirere</span> <span class='ocrx_word' id='word_1_129' title='bbox 848 2152 994 2234; x_wconf 87' lang='lat' dir='ltr'>pergeret</span> <span class='ocrx_word' id='word_1_130' title='bbox 1018 2171 1121 2233; x_wconf 90' lang='lat' dir='ltr'>neque</span> <span class='ocrx_word' id='word_1_131' title='bbox 1143 2170 1178 2212; x_wconf 92' lang='lat' dir='ltr'>ea</span> <span class='ocrx_word' id='word_1_132' title='bbox 1202 2150 1388 2232; x_wconf 87' lang='lat' dir='ltr'>spernenda.</span> <span class='ocrx_word' id='word_1_133' title='bbox 1412 2146 1507 2211; x_wconf 83' lang='lat' dir='ltr'>Euri-</span> 
     </span>
     <span class='ocr_line' id='line_1_17' title="bbox 322 2243 1508 2340; baseline -0.002 -20"><span class='ocrx_word' id='word_1_134' title='bbox 322 2255 411 2340; x_wconf 90' lang='lat' dir='ltr'>pides</span> <span class='ocrx_word' id='word_1_135' title='bbox 441 2243 560 2340; x_wconf 84' lang='lat' dir='ltr'>primus</span> <span class='ocrx_word' id='word_1_136' title='bbox 591 2275 707 2321; x_wconf 89' lang='lat' dir='ltr'>novam</span> <span class='ocrx_word' id='word_1_137' title='bbox 738 2259 855 2320; x_wconf 87' lang='lat' dir='ltr'>terram</span> <span class='ocrx_word' id='word_1_138' title='bbox 886 2255 1039 2320; x_wconf 85' lang='lat' dir='ltr'>indicavit</span> <span class='ocrx_word' id='word_1_139' title='bbox 1069 2259 1101 2319; x_wconf 92' lang='lat' dir='ltr'>et</span> <span class='ocrx_word' id='word_1_140' title='bbox 1132 2254 1219 2320; x_wconf 92' lang='lat' dir='ltr'>velut</span> <span class='ocrx_word' id='word_1_141' title='bbox 1242 2254 1305 2317; x_wconf 88' lang='lat' dir='ltr'>dux</span> <span class='ocrx_word' id='word_1_142' title='bbox 1328 2256 1361 2317; x_wconf 90' lang='lat' dir='ltr'>et</span> <span class='ocrx_word' id='word_1_143' title='bbox 1381 2259 1508 2337; x_wconf 91' lang='lat' dir='ltr'>praetor</span> 
     </span>
     <span class='ocr_line' id='line_1_18' title="bbox 321 2360 1510 2448; baseline -0.001 -22"><span class='ocrx_word' id='word_1_144' title='bbox 321 2363 381 2426; x_wconf 91' lang='lat' dir='ltr'>iter</span> <span class='ocrx_word' id='word_1_145' title='bbox 403 2363 564 2448; x_wconf 90' lang='lat' dir='ltr'>ingressus</span> <span class='ocrx_word' id='word_1_146' title='bbox 587 2368 652 2440; x_wconf 89' lang='lat' dir='ltr'>eat,</span> <span class='ocrx_word' id='word_1_147' title='bbox 676 2385 778 2447; x_wconf 92' lang='lat' dir='ltr'>neque</span> <span class='ocrx_word' id='word_1_148' title='bbox 801 2362 862 2426; x_wconf 92' lang='lat' dir='ltr'>hoc</span> <span class='ocrx_word' id='word_1_149' title='bbox 885 2362 1056 2427; x_wconf 90' lang='lat' dir='ltr'>dolendum</span> <span class='ocrx_word' id='word_1_150' title='bbox 1081 2364 1235 2446; x_wconf 90' lang='lat' dir='ltr'>estquod</span> <span class='ocrx_word' id='word_1_151' title='bbox 1258 2361 1290 2424; x_wconf 94' lang='lat' dir='ltr'>id</span> <span class='ocrx_word' id='word_1_152' title='bbox 1313 2360 1439 2445; x_wconf 89' lang='lat' dir='ltr'>ingredi</span> <span class='ocrx_word' id='word_1_153' title='bbox 1462 2365 1510 2425; x_wconf 93' lang='lat' dir='ltr'>est</span> 
     </span>
     <span class='ocr_line' id='line_1_19' title="bbox 231 2466 1508 2554; baseline -0.002 -22"><span class='ocrx_word' id='word_1_154' title='bbox 231 2479 234 2488; x_wconf 83' lang='grc'>’</span> <span class='ocrx_word' id='word_1_155' title='bbox 322 2491 431 2554; x_wconf 81' lang='lat' dir='ltr'>ausus,</span> <span class='ocrx_word' id='word_1_156' title='bbox 464 2470 519 2534; x_wconf 87' lang='lat' dir='ltr'>sed</span> <span class='ocrx_word' id='word_1_157' title='bbox 549 2470 633 2554; x_wconf 91' lang='lat' dir='ltr'>quod</span> <span class='ocrx_word' id='word_1_158' title='bbox 664 2469 704 2533; x_wconf 91' lang='lat' dir='ltr'>ad</span> <span class='ocrx_word' id='word_1_159' title='bbox 735 2469 832 2533; x_wconf 91' lang='lat' dir='ltr'>finem</span> <span class='ocrx_word' id='word_1_160' title='bbox 863 2468 1027 2553; x_wconf 91' lang='lat' dir='ltr'>pervenire</span> <span class='ocrx_word' id='word_1_161' title='bbox 1058 2489 1124 2532; x_wconf 92' lang='lat' dir='ltr'>non</span> <span class='ocrx_word' id='word_1_162' title='bbox 1147 2468 1262 2553; x_wconf 86' lang='lat' dir='ltr'>potuit.</span> <span class='ocrx_word' id='word_1_163' title='bbox 1287 2466 1420 2532; x_wconf 91' lang='lat' dir='ltr'>Utinam</span> <span class='ocrx_word' id='word_1_164' title='bbox 1442 2487 1508 2530; x_wconf 93' lang='lat' dir='ltr'>non</span> 
     </span>
     <span class='ocr_line' id='line_1_20' title="bbox 321 2574 1509 2659; baseline -0.003 -20"><span class='ocrx_word' id='word_1_165' title='bbox 321 2575 423 2639; x_wconf 92' lang='lat' dir='ltr'>solum</span> <span class='ocrx_word' id='word_1_166' title='bbox 447 2575 524 2639; x_wconf 91' lang='lat' dir='ltr'>artis</span> <span class='ocrx_word' id='word_1_167' title='bbox 548 2579 694 2639; x_wconf 88' lang='lat' dir='ltr'>naturam</span> <span class='ocrx_word' id='word_1_168' title='bbox 718 2579 812 2659; x_wconf 90' lang='lat' dir='ltr'>atque</span> <span class='ocrx_word' id='word_1_169' title='bbox 833 2575 973 2638; x_wconf 92' lang='lat' dir='ltr'>indolem</span> <span class='ocrx_word' id='word_1_170' title='bbox 995 2574 1180 2638; x_wconf 84' lang='lat' dir='ltr'>mutavisset</span> <span class='ocrx_word' id='word_1_171' title='bbox 1200 2574 1254 2638; x_wconf 87' lang='lat' dir='ltr'>sed</span> <span class='ocrx_word' id='word_1_172' title='bbox 1275 2595 1359 2638; x_wconf 89' lang='lat' dir='ltr'>nova</span> <span class='ocrx_word' id='word_1_173' title='bbox 1377 2574 1509 2639; x_wconf 88' lang='lat' dir='ltr'>invente</span> 
     </span>
    </p>
   </div>
   <div class='ocr_carea' id='block_1_3' title="bbox 320 2679 1509 3404">
    <p class='ocr_par' dir='ltr' id='par_1_4' title="bbox 320 2679 1509 3404">
     <span class='ocr_line' id='line_1_21' title="bbox 320 2679 1508 2767; baseline -0.003 -21"><span class='ocrx_word' id='word_1_174' title='bbox 320 2683 412 2748; x_wconf 87' lang='lat' dir='ltr'>novis</span> <span class='ocrx_word' id='word_1_175' title='bbox 430 2704 557 2767; x_wconf 91' lang='lat' dir='ltr'>quoque</span> <span class='ocrx_word' id='word_1_176' title='bbox 576 2681 686 2746; x_wconf 88' lang='lat' dir='ltr'>formis</span> <span class='ocrx_word' id='word_1_177' title='bbox 705 2681 873 2745; x_wconf 84' lang='lat' dir='ltr'>infudisset</span> <span class='ocrx_word' id='word_1_178' title='bbox 892 2684 988 2765; x_wconf 91' lang='lat' dir='ltr'>atque</span> <span class='ocrx_word' id='word_1_179' title='bbox 1007 2680 1209 2764; x_wconf 82' lang='lat' dir='ltr'>inspirasset!</span> <span class='ocrx_word' id='word_1_180' title='bbox 1230 2679 1363 2745; x_wconf 91' lang='lat' dir='ltr'>Utinam</span> <span class='ocrx_word' id='word_1_181' title='bbox 1376 2680 1508 2743; x_wconf 90' lang='lat' dir='ltr'>chorum</span> 
     </span>
     <span class='ocr_line' id='line_1_22' title="bbox 321 2785 1509 2870; baseline -0.003 -17"><span class='ocrx_word' id='word_1_182' title='bbox 321 2789 514 2865; x_wconf 81' lang='lat' dir='ltr'>sustulisset3</span> <span class='ocrx_word' id='word_1_183' title='bbox 546 2788 670 2852; x_wconf 89' lang='lat' dir='ltr'>utinam</span> <span class='ocrx_word' id='word_1_184' title='bbox 701 2808 767 2851; x_wconf 90' lang='lat' dir='ltr'>non</span> <span class='ocrx_word' id='word_1_185' title='bbox 799 2788 834 2851; x_wconf 94' lang='lat' dir='ltr'>in</span> <span class='ocrx_word' id='word_1_186' title='bbox 865 2786 1036 2852; x_wconf 88' lang='lat' dir='ltr'>levioribus</span> <span class='ocrx_word' id='word_1_187' title='bbox 1066 2789 1193 2850; x_wconf 91' lang='lat' dir='ltr'>tanturn</span> <span class='ocrx_word' id='word_1_188' title='bbox 1224 2786 1317 2851; x_wconf 90' lang='lat' dir='ltr'>rebus</span> <span class='ocrx_word' id='word_1_189' title='bbox 1347 2785 1509 2870; x_wconf 84' lang='lat' dir='ltr'>amytbis</span> 
     </span>
     <span class='ocr_line' id='line_1_23' title="bbox 320 2893 1508 2978; baseline -0.003 -19"><span class='ocrx_word' id='word_1_190' title='bbox 320 2894 514 2973; x_wconf 88' lang='lat' dir='ltr'>recessisset,</span> <span class='ocrx_word' id='word_1_191' title='bbox 533 2897 588 2958; x_wconf 92' lang='lat' dir='ltr'>sed</span> <span class='ocrx_word' id='word_1_192' title='bbox 607 2897 662 2958; x_wconf 89' lang='lat' dir='ltr'>aut</span> <span class='ocrx_word' id='word_1_193' title='bbox 683 2914 810 2978; x_wconf 87' lang='lat' dir='ltr'>prorsus</span> <span class='ocrx_word' id='word_1_194' title='bbox 829 2893 953 2978; x_wconf 90' lang='lat' dir='ltr'>rejectis</span> <span class='ocrx_word' id='word_1_195' title='bbox 973 2914 1067 2957; x_wconf 89' lang='lat' dir='ltr'>ausus</span> <span class='ocrx_word' id='word_1_196' title='bbox 1086 2895 1168 2956; x_wconf 92' lang='lat' dir='ltr'>esset</span> <span class='ocrx_word' id='word_1_197' title='bbox 1183 2893 1346 2956; x_wconf 88' lang='lat' dir='ltr'>materiam</span> <span class='ocrx_word' id='word_1_198' title='bbox 1359 2913 1508 2976; x_wconf 89' lang='lat' dir='ltr'>quaerere</span> 
     </span>
     <span class='ocr_line' id='line_1_24' title="bbox 321 2997 1509 3085; baseline -0.001 -22"><span class='ocrx_word' id='word_1_199' title='bbox 321 3000 501 3084; x_wconf 90' lang='lat' dir='ltr'>ubicunque</span> <span class='ocrx_word' id='word_1_200' title='bbox 521 3001 641 3085; x_wconf 86' lang='lat' dir='ltr'>optima</span> <span class='ocrx_word' id='word_1_201' title='bbox 660 3001 857 3084; x_wconf 89' lang='lat' dir='ltr'>suppeteret,</span> <span class='ocrx_word' id='word_1_202' title='bbox 880 3004 936 3064; x_wconf 88' lang='lat' dir='ltr'>aut</span> <span class='ocrx_word' id='word_1_203' title='bbox 954 3020 1007 3064; x_wconf 89' lang='lat' dir='ltr'>eos</span> <span class='ocrx_word' id='word_1_204' title='bbox 1028 2999 1073 3063; x_wconf 89' lang='lat' dir='ltr'>ita</span> <span class='ocrx_word' id='word_1_205' title='bbox 1093 3000 1288 3063; x_wconf 88' lang='lat' dir='ltr'>commutare</span> <span class='ocrx_word' id='word_1_206' title='bbox 1307 2997 1509 3063; x_wconf 88' lang='lat' dir='ltr'>sustinuisset</span> 
     </span>
     <span class='ocr_line' id='line_1_25' title="bbox 320 3105 1506 3192; baseline 0 -23"><span class='ocrx_word' id='word_1_207' title='bbox 320 3110 356 3169; x_wconf 92' lang='lat' dir='ltr'>ut</span> <span class='ocrx_word' id='word_1_208' title='bbox 380 3106 461 3170; x_wconf 90' lang='lat' dir='ltr'>nulli</span> <span class='ocrx_word' id='word_1_209' title='bbox 484 3107 528 3170; x_wconf 90' lang='lat' dir='ltr'>dii</span> <span class='ocrx_word' id='word_1_210' title='bbox 550 3105 685 3192; x_wconf 90' lang='lat' dir='ltr'>impuri,</span> <span class='ocrx_word' id='word_1_211' title='bbox 709 3106 816 3171; x_wconf 89' lang='lat' dir='ltr'>nullae</span> <span class='ocrx_word' id='word_1_212' title='bbox 839 3107 924 3191; x_wconf 90' lang='lat' dir='ltr'>leges</span> <span class='ocrx_word' id='word_1_213' title='bbox 944 3105 1056 3170; x_wconf 88' lang='lat' dir='ltr'>fatales</span> <span class='ocrx_word' id='word_1_214' title='bbox 1068 3126 1140 3169; x_wconf 91' lang='lat' dir='ltr'>eum</span> <span class='ocrx_word' id='word_1_215' title='bbox 1154 3105 1288 3189; x_wconf 89' lang='lat' dir='ltr'>amplius</span> <span class='ocrx_word' id='word_1_216' title='bbox 1299 3105 1506 3189; x_wconf 87' lang='lat' dir='ltr'>impedirent,</span> 
     </span>
     <span class='ocr_line' id='line_1_26' title="bbox 321 3211 1509 3297; baseline -0.001 -21"><span class='ocrx_word' id='word_1_217' title='bbox 321 3215 375 3277; x_wconf 90' lang='lat' dir='ltr'>sed</span> <span class='ocrx_word' id='word_1_218' title='bbox 395 3213 502 3277; x_wconf 89' lang='lat' dir='ltr'>omnia</span> <span class='ocrx_word' id='word_1_219' title='bbox 521 3213 580 3278; x_wconf 92' lang='lat' dir='ltr'>soli</span> <span class='ocrx_word' id='word_1_220' title='bbox 600 3212 703 3297; x_wconf 90' lang='lat' dir='ltr'>operis</span> <span class='ocrx_word' id='word_1_221' title='bbox 723 3212 854 3278; x_wconf 86' lang='lat' dir='ltr'>consilio</span> <span class='ocrx_word' id='word_1_222' title='bbox 876 3212 1040 3280; x_wconf 89' lang='lat' dir='ltr'>servirent.</span> <span class='ocrx_word' id='word_1_223' title='bbox 1062 3211 1148 3287; x_wconf 79' lang='lat' dir='ltr'>Quae</span> <span class='ocrx_word' id='word_1_224' title='bbox 1168 3211 1194 3275; x_wconf 92' lang='lat' dir='ltr'>si</span> <span class='ocrx_word' id='word_1_225' title='bbox 1205 3211 1343 3285; x_wconf 87' lang='lat' dir='ltr'>fecisset,</span> <span class='ocrx_word' id='word_1_226' title='bbox 1360 3211 1509 3276; x_wconf 88' lang='lat' dir='ltr'>evasisset</span> 
     </span>
     <span class='ocr_line' id='line_1_27' title="bbox 320 3317 1416 3404; baseline -0.001 -22"><span class='ocrx_word' id='word_1_227' title='bbox 320 3322 431 3383; x_wconf 88' lang='lat' dir='ltr'>auctor</span> <span class='ocrx_word' id='word_1_228' title='bbox 453 3323 486 3384; x_wconf 90' lang='lat' dir='ltr'>et</span> <span class='ocrx_word' id='word_1_229' title='bbox 512 3319 717 3384; x_wconf 89' lang='lat' dir='ltr'>confirmator</span> <span class='ocrx_word' id='word_1_230' title='bbox 739 3319 920 3403; x_wconf 85' lang='lat' dir='ltr'>tragoediae</span> <span class='ocrx_word' id='word_1_231' title='bbox 943 3318 1147 3395; x_wconf 89' lang='lat' dir='ltr'>recentioris,</span> <span class='ocrx_word' id='word_1_232' title='bbox 1171 3317 1416 3404; x_wconf 79' lang='lat' dir='ltr'>romanticae1).</span> 
     </span>
    </p>
   </div>
   <div class='ocr_carea' id='block_1_4' title="bbox 315 3525 1511 4662">
    <p class='ocr_par' dir='ltr' id='par_1_5' title="bbox 315 3525 1511 4662">
     <span class='ocr_line' id='line_1_28' title="bbox 352 3525 1508 3592; baseline -0.001 -17"><span class='ocrx_word' id='word_1_233' title='bbox 352 3526 380 3590; x_wconf 94' lang='grc'>1)</span> <span class='ocrx_word' id='word_1_234' title='bbox 396 3525 477 3574; x_wconf 81' lang='lat' dir='ltr'>Liceat</span> <span class='ocrx_word' id='word_1_235' title='bbox 489 3526 550 3576; x_wconf 90' lang='lat' dir='ltr'>mihi</span> <span class='ocrx_word' id='word_1_236' title='bbox 563 3526 626 3576; x_wconf 91' lang='lat' dir='ltr'>locos</span> <span class='ocrx_word' id='word_1_237' title='bbox 637 3527 751 3592; x_wconf 87' lang='lat' dir='ltr'>quosdam</span> <span class='ocrx_word' id='word_1_238' title='bbox 766 3526 884 3591; x_wconf 85' lang='lat' dir='ltr'>longiores</span> <span class='ocrx_word' id='word_1_239' title='bbox 898 3525 1029 3576; x_wconf 86' lang='lat' dir='ltr'>describere</span> <span class='ocrx_word' id='word_1_240' title='bbox 1046 3526 1199 3576; x_wconf 88' lang='lat' dir='ltr'>Mommsenii</span> <span class='ocrx_word' id='word_1_241' title='bbox 1214 3526 1348 3576; x_wconf 87' lang='lat' dir='ltr'>acutissime</span> <span class='ocrx_word' id='word_1_242' title='bbox 1357 3527 1385 3575; x_wconf 90' lang='lat' dir='ltr'>de</span> <span class='ocrx_word' id='word_1_243' title='bbox 1394 3525 1508 3591; x_wconf 82' lang='lat' dir='ltr'>llnripide</span> 
     </span>
     <span class='ocr_line' id='line_1_29' title="bbox 315 3607 1508 3674; baseline -0.001 -16"><span class='ocrx_word' id='word_1_244' title='bbox 315 3607 444 3671; x_wconf 84' lang='lat' dir='ltr'>judicantis</span> <span class='ocrx_word' id='word_1_245' title='bbox 461 3607 598 3672; x_wconf 85' lang='lat' dir='ltr'>(Rdmiscbe</span> <span class='ocrx_word' id='word_1_246' title='bbox 615 3610 698 3659; x_wconf 82' lang='lat' dir='ltr'>Gesch.</span> <span class='ocrx_word' id='word_1_247' title='bbox 716 3609 783 3658; x_wconf 83' lang='lat' dir='ltr'>Tem.</span> <span class='ocrx_word' id='word_1_248' title='bbox 803 3609 830 3668; x_wconf 91' lang='lat' dir='ltr'>l,</span> <span class='ocrx_word' id='word_1_249' title='bbox 848 3625 887 3673; x_wconf 85' lang='lat' dir='ltr'>pg.</span> <span class='ocrx_word' id='word_1_250' title='bbox 905 3609 954 3657; x_wconf 85' lang='grc'>906</span> <span class='ocrx_word' id='word_1_251' title='bbox 972 3610 1043 3674; x_wconf 89' lang='lat' dir='ltr'>sqq.).</span> <span class='ocrx_word' id='word_1_252' title='bbox 1064 3609 1203 3674; x_wconf 60' lang='lat' dir='ltr'>„Euripides</span> <span class='ocrx_word' id='word_1_253' title='bbox 1220 3609 1305 3674; x_wconf 85' lang='lat' dir='ltr'>gebdrt</span> <span class='ocrx_word' id='word_1_254' title='bbox 1322 3625 1351 3659; x_wconf 86' lang='lat' dir='ltr'>au</span> <span class='ocrx_word' id='word_1_255' title='bbox 1368 3608 1508 3673; x_wconf 87' lang='lat' dir='ltr'>denjenigen</span> 
     </span>
     <span class='ocr_line' id='line_1_30' title="bbox 319 3689 1508 3749; baseline 0.003 -12"><span class='ocrx_word' id='word_1_256' title='bbox 319 3689 446 3749; x_wconf 88' lang='lat' dir='ltr'>Dichtern,</span> <span class='ocrx_word' id='word_1_257' title='bbox 464 3691 554 3739; x_wconf 86' lang='lat' dir='ltr'>welche</span> <span class='ocrx_word' id='word_1_258' title='bbox 571 3692 609 3741; x_wconf 91' lang='lat' dir='ltr'>die</span> <span class='ocrx_word' id='word_1_259' title='bbox 625 3691 709 3742; x_wconf 85' lang='lat' dir='ltr'>Possis</span> <span class='ocrx_word' id='word_1_260' title='bbox 726 3707 788 3741; x_wconf 80' lang='lat' dir='ltr'>zvar</span> <span class='ocrx_word' id='word_1_261' title='bbox 805 3690 848 3740; x_wconf 82' lang='lat' dir='ltr'>aul</span> <span class='ocrx_word' id='word_1_262' title='bbox 862 3690 913 3738; x_wconf 87' lang='lat' dir='ltr'>eine</span> <span class='ocrx_word' id='word_1_263' title='bbox 932 3691 1021 3740; x_wconf 84' lang='lat' dir='ltr'>hdhere</span> <span class='ocrx_word' id='word_1_264' title='bbox 1039 3691 1108 3741; x_wconf 84' lang='lat' dir='ltr'>Stnle</span> <span class='ocrx_word' id='word_1_265' title='bbox 1124 3691 1213 3748; x_wconf 89' lang='lat' dir='ltr'>beben,</span> <span class='ocrx_word' id='word_1_266' title='bbox 1228 3690 1284 3741; x_wconf 86' lang='lat' dir='ltr'>aber</span> <span class='ocrx_word' id='word_1_267' title='bbox 1298 3693 1324 3741; x_wconf 91' lang='lat' dir='ltr'>in</span> <span class='ocrx_word' id='word_1_268' title='bbox 1338 3692 1425 3741; x_wconf 88' lang='lat' dir='ltr'>diesem</span> <span class='ocrx_word' id='word_1_269' title='bbox 1439 3692 1508 3741; x_wconf 78' lang='lat' dir='ltr'>Fort-</span> 
     </span>
     <span class='ocr_line' id='line_1_31' title="bbox 318 3770 1508 3837; baseline 0.002 -16"><span class='ocrx_word' id='word_1_270' title='bbox 318 3771 405 3821; x_wconf 86' lang='lat' dir='ltr'>scbritt</span> <span class='ocrx_word' id='word_1_271' title='bbox 426 3770 464 3821; x_wconf 89' lang='lat' dir='ltr'>bei</span> <span class='ocrx_word' id='word_1_272' title='bbox 486 3772 579 3822; x_wconf 85' lang='lat' dir='ltr'>veitem</span> <span class='ocrx_word' id='word_1_273' title='bbox 604 3774 672 3823; x_wconf 90' lang='lat' dir='ltr'>mehr</span> <span class='ocrx_word' id='word_1_274' title='bbox 689 3774 729 3822; x_wconf 86' lang='lat' dir='ltr'>dss</span> <span class='ocrx_word' id='word_1_275' title='bbox 747 3772 849 3837; x_wconf 89' lang='lat' dir='ltr'>ricbtige</span> <span class='ocrx_word' id='word_1_276' title='bbox 867 3773 954 3822; x_wconf 82' lang='lat' dir='ltr'>Geiilhl</span> <span class='ocrx_word' id='word_1_277' title='bbox 971 3774 1064 3832; x_wconf 86' lang='lat' dir='ltr'>dassen,</span> <span class='ocrx_word' id='word_1_278' title='bbox 1084 3773 1197 3823; x_wconf 86' lang='lat' dir='ltr'>wassein</span> <span class='ocrx_word' id='word_1_279' title='bbox 1215 3775 1297 3833; x_wconf 88' lang='lat' dir='ltr'>sollte,</span> <span class='ocrx_word' id='word_1_280' title='bbox 1315 3774 1350 3823; x_wconf 88' lang='lat' dir='ltr'>als</span> <span class='ocrx_word' id='word_1_281' title='bbox 1367 3774 1405 3823; x_wconf 88' lang='lat' dir='ltr'>die</span> <span class='ocrx_word' id='word_1_282' title='bbox 1424 3775 1508 3823; x_wconf 88' lang='lat' dir='ltr'>Macbt</span> 
     </span>
     <span class='ocr_line' id='line_1_32' title="bbox 319 3852 1508 3920; baseline 0.002 -17"><span class='ocrx_word' id='word_1_283' title='bbox 319 3852 452 3904; x_wconf 82' lang='lat' dir='ltr'>offenbaren</span> <span class='ocrx_word' id='word_1_284' title='bbox 468 3855 517 3904; x_wconf 89' lang='lat' dir='ltr'>dies</span> <span class='ocrx_word' id='word_1_285' title='bbox 534 3855 640 3920; x_wconf 85' lang='lat' dir='ltr'>poetiscb</span> <span class='ocrx_word' id='word_1_286' title='bbox 657 3872 685 3906; x_wconf 82' lang='grc' dir='ltr'>ιιι</span> <span class='ocrx_word' id='word_1_287' title='bbox 702 3856 831 3906; x_wconf 83' lang='lat' dir='ltr'>erscbaffen</span> <span class='ocrx_word' id='word_1_288' title='bbox 841 3893 846 3904; x_wconf 92' lang='lat'>.</span> <span class='ocrx_word' id='word_1_289' title='bbox 858 3893 879 3904; x_wconf 88' lang='lat'>..</span> <span class='ocrx_word' id='word_1_290' title='bbox 893 3893 897 3903; x_wconf 95' lang='lat'><em>.</em></span> <span class='ocrx_word' id='word_1_291' title='bbox 911 3893 933 3904; x_wconf 91' lang='lat'>..</span> <span class='ocrx_word' id='word_1_292' title='bbox 950 3856 995 3904; x_wconf 88' lang='lat' dir='ltr'>Die</span> <span class='ocrx_word' id='word_1_293' title='bbox 1011 3855 1202 3906; x_wconf 82' lang='lat' dir='ltr'>nndbcrtrodene</span> <span class='ocrx_word' id='word_1_294' title='bbox 1218 3856 1355 3914; x_wconf 82' lang='lat' dir='ltr'>Grcssbeit,</span> <span class='ocrx_word' id='word_1_295' title='bbox 1370 3857 1451 3905; x_wconf 87' lang='lat' dir='ltr'>vomit</span> <span class='ocrx_word' id='word_1_296' title='bbox 1465 3857 1508 3906; x_wconf 84' lang='lat' dir='ltr'>der</span> 
     </span>
     <span class='ocr_line' id='line_1_33' title="bbox 319 3936 1509 4003; baseline 0.003 -19"><span class='ocrx_word' id='word_1_297' title='bbox 319 3937 410 4002; x_wconf 83' lang='lat' dir='ltr'>Kampi</span> <span class='ocrx_word' id='word_1_298' title='bbox 424 3937 464 3985; x_wconf 89' lang='lat' dir='ltr'>des</span> <span class='ocrx_word' id='word_1_299' title='bbox 481 3938 610 3987; x_wconf 85' lang='lat' dir='ltr'>Menschen</span> <span class='ocrx_word' id='word_1_300' title='bbox 628 3939 676 3988; x_wconf 90' lang='lat' dir='ltr'>und</span> <span class='ocrx_word' id='word_1_301' title='bbox 693 3939 733 3988; x_wconf 89' lang='lat' dir='ltr'>des</span> <span class='ocrx_word' id='word_1_302' title='bbox 750 3937 881 3987; x_wconf 78' lang='lat' dir='ltr'>Schiclrssls</span> <span class='ocrx_word' id='word_1_303' title='bbox 898 3936 935 3986; x_wconf 87' lang='lat' dir='ltr'>bei</span> <span class='ocrx_word' id='word_1_304' title='bbox 954 3939 1081 4003; x_wconf 80' lang='lat' dir='ltr'>Aeschylos</span> <span class='ocrx_word' id='word_1_305' title='bbox 1098 3939 1148 3988; x_wconf 92' lang='lat' dir='ltr'>sich</span> <span class='ocrx_word' id='word_1_306' title='bbox 1163 3938 1289 3998; x_wconf 86' lang='lat' dir='ltr'>vollzieht,</span> <span class='ocrx_word' id='word_1_307' title='bbox 1304 3938 1392 3988; x_wconf 90' lang='lat' dir='ltr'>bernht</span> <span class='ocrx_word' id='word_1_308' title='bbox 1408 3941 1509 3989; x_wconf 80' lang='lat' dir='ltr'>vasent-</span> 
     </span>
     <span class='ocr_line' id='line_1_34' title="bbox 318 4017 1509 4085; baseline 0.004 -20"><span class='ocrx_word' id='word_1_309' title='bbox 318 4017 367 4066; x_wconf 90' lang='lat' dir='ltr'>lich</span> <span class='ocrx_word' id='word_1_310' title='bbox 384 4017 470 4067; x_wconf 80' lang='lat' dir='ltr'>darauf</span> <span class='ocrx_word' id='word_1_311' title='bbox 484 4018 536 4068; x_wconf 86' lang='lat' dir='ltr'>dass</span> <span class='ocrx_word' id='word_1_312' title='bbox 550 4018 604 4082; x_wconf 86' lang='lat' dir='ltr'>jede</span> <span class='ocrx_word' id='word_1_313' title='bbox 622 4021 664 4068; x_wconf 90' lang='lat' dir='ltr'>der</span> <span class='ocrx_word' id='word_1_314' title='bbox 680 4020 811 4085; x_wconf 87' lang='lat' dir='ltr'>ringenden</span> <span class='ocrx_word' id='word_1_315' title='bbox 829 4020 927 4069; x_wconf 74' lang='lat' dir='ltr'>Maesta</span> <span class='ocrx_word' id='word_1_316' title='bbox 945 4021 1032 4070; x_wconf 90' lang='lat' dir='ltr'>nnrim</span> <span class='ocrx_word' id='word_1_317' title='bbox 1042 4036 1131 4085; x_wconf 81' lang='lat' dir='ltr'>genuen</span> <span class='ocrx_word' id='word_1_318' title='bbox 1145 4021 1272 4084; x_wconf 83' lang='lat' dir='ltr'>anigelssst</span> <span class='ocrx_word' id='word_1_319' title='bbox 1287 4021 1361 4080; x_wconf 79' lang='lat' dir='ltr'>vird3</span> <span class='ocrx_word' id='word_1_320' title='bbox 1371 4022 1412 4070; x_wconf 86' lang='lat' dir='ltr'>das</span> <span class='ocrx_word' id='word_1_321' title='bbox 1420 4037 1509 4070; x_wconf 89' lang='lat' dir='ltr'>vvesen·</span> 
     </span>
     <span class='ocr_line' id='line_1_35' title="bbox 317 4100 1508 4168; baseline 0.003 -20"><span class='ocrx_word' id='word_1_322' title='bbox 317 4100 371 4148; x_wconf 88' lang='lat' dir='ltr'>basl</span> <span class='ocrx_word' id='word_1_323' title='bbox 395 4100 558 4151; x_wconf 87' lang='lat' dir='ltr'>Menschllche</span> <span class='ocrx_word' id='word_1_324' title='bbox 583 4101 615 4150; x_wconf 87' lang='lat' dir='ltr'>ist</span> <span class='ocrx_word' id='word_1_325' title='bbox 637 4102 671 4151; x_wconf 91' lang='lat' dir='ltr'>im</span> <span class='ocrx_word' id='word_1_326' title='bbox 696 4102 851 4152; x_wconf 87' lang='lat' dir='ltr'>Prometheus</span> <span class='ocrx_word' id='word_1_327' title='bbox 874 4103 921 4151; x_wconf 89' lang='lat' dir='ltr'>und</span> <span class='ocrx_word' id='word_1_328' title='bbox 945 4104 1106 4167; x_wconf 83' lang='lat' dir='ltr'>Agamemnon</span> <span class='ocrx_word' id='word_1_329' title='bbox 1128 4119 1175 4152; x_wconf 90' lang='lat' dir='ltr'>nnr</span> <span class='ocrx_word' id='word_1_330' title='bbox 1197 4101 1270 4152; x_wconf 88' lang='lat' dir='ltr'>leicbt</span> <span class='ocrx_word' id='word_1_331' title='bbox 1295 4104 1445 4168; x_wconf 86' lang='lat' dir='ltr'>angebancht</span> <span class='ocrx_word' id='word_1_332' title='bbox 1461 4119 1508 4152; x_wconf 89' lang='lat' dir='ltr'>von</span> 
     </span>
     <span class='ocr_line' id='line_1_36' title="bbox 317 4183 1510 4249; baseline 0.003 -18"><span class='ocrx_word' id='word_1_333' title='bbox 317 4183 486 4232; x_wconf 87' lang='lat' dir='ltr'>dichterischer</span> <span class='ocrx_word' id='word_1_334' title='bbox 511 4184 748 4249; x_wconf 85' lang='lat' dir='ltr'>lndiridnalisirnng.</span> <span class='ocrx_word' id='word_1_335' title='bbox 775 4183 905 4249; x_wconf 85' lang='lat' dir='ltr'>Sophclrles</span> <span class='ocrx_word' id='word_1_336' title='bbox 930 4185 988 4234; x_wconf 82' lang='lat' dir='ltr'>lasst</span> <span class='ocrx_word' id='word_1_337' title='bbox 1013 4186 1075 4235; x_wconf 85' lang='lat' dir='ltr'>vrohl</span> <span class='ocrx_word' id='word_1_338' title='bbox 1106 4185 1144 4233; x_wconf 92' lang='lat' dir='ltr'>die</span> <span class='ocrx_word' id='word_1_339' title='bbox 1171 4185 1373 4235; x_wconf 85' lang='lat' dir='ltr'>Menschennetnr</span> <span class='ocrx_word' id='word_1_340' title='bbox 1395 4185 1420 4234; x_wconf 90' lang='lat' dir='ltr'>in</span> <span class='ocrx_word' id='word_1_341' title='bbox 1441 4185 1510 4234; x_wconf 85' lang='lat' dir='ltr'>ihrer</span> 
     </span>
     <span class='ocr_line' id='line_1_37' title="bbox 318 4263 1509 4331; baseline 0.003 -19"><span class='ocrx_word' id='word_1_342' title='bbox 318 4263 473 4329; x_wconf 82' lang='lat' dir='ltr'>allgemeinen</span> <span class='ocrx_word' id='word_1_343' title='bbox 491 4265 657 4330; x_wconf 85' lang='lat' dir='ltr'>Bedingtheit,</span> <span class='ocrx_word' id='word_1_344' title='bbox 676 4267 721 4316; x_wconf 90' lang='lat' dir='ltr'>den</span> <span class='ocrx_word' id='word_1_345' title='bbox 740 4266 831 4331; x_wconf 84' lang='lat' dir='ltr'>Kdnig,</span> <span class='ocrx_word' id='word_1_346' title='bbox 850 4267 895 4315; x_wconf 89' lang='lat' dir='ltr'>den</span> <span class='ocrx_word' id='word_1_347' title='bbox 913 4267 994 4326; x_wconf 80' lang='lat' dir='ltr'>Grais,</span> <span class='ocrx_word' id='word_1_348' title='bbox 1013 4267 1051 4316; x_wconf 89' lang='lat' dir='ltr'>dis</span> <span class='ocrx_word' id='word_1_349' title='bbox 1068 4267 1212 4327; x_wconf 64' lang='lat' dir='ltr'>Servatur,</span> <span class='ocrx_word' id='word_1_350' title='bbox 1231 4267 1286 4316; x_wconf 87' lang='lat' dir='ltr'>aber</span> <span class='ocrx_word' id='word_1_351' title='bbox 1304 4268 1349 4316; x_wconf 91' lang='lat' dir='ltr'>den</span> <span class='ocrx_word' id='word_1_352' title='bbox 1370 4267 1509 4317; x_wconf 84' lang='lat' dir='ltr'>Mikrolros·</span> 
     </span>
     <span class='ocr_line' id='line_1_38' title="bbox 318 4347 1510 4413; baseline 0.003 -19"><span class='ocrx_word' id='word_1_353' title='bbox 318 4361 372 4394; x_wconf 89' lang='lat' dir='ltr'>mus</span> <span class='ocrx_word' id='word_1_354' title='bbox 386 4347 427 4396; x_wconf 90' lang='lat' dir='ltr'>des</span> <span class='ocrx_word' id='word_1_355' title='bbox 444 4348 574 4398; x_wconf 87' lang='lat' dir='ltr'>Mensohan</span> <span class='ocrx_word' id='word_1_356' title='bbox 590 4348 616 4397; x_wconf 95' lang='lat' dir='ltr'>in</span> <span class='ocrx_word' id='word_1_357' title='bbox 633 4347 711 4397; x_wconf 89' lang='lat' dir='ltr'>seiner</span> <span class='ocrx_word' id='word_1_358' title='bbox 728 4347 903 4413; x_wconf 82' lang='lat' dir='ltr'>dllseitiglreit,</span> <span class='ocrx_word' id='word_1_359' title='bbox 922 4349 968 4398; x_wconf 89' lang='lat' dir='ltr'>den</span> <span class='ocrx_word' id='word_1_360' title='bbox 985 4349 1127 4406; x_wconf 82' lang='lat' dir='ltr'>Obarskter,</span> <span class='ocrx_word' id='word_1_361' title='bbox 1137 4348 1218 4413; x_wconf 84' lang='lat' dir='ltr'>bringt</span> <span class='ocrx_word' id='word_1_362' title='bbox 1232 4349 1301 4398; x_wconf 87' lang='lat' dir='ltr'>lreine</span> <span class='ocrx_word' id='word_1_363' title='bbox 1317 4349 1510 4399; x_wconf 81' lang='lat' dir='ltr'>einzelnessiner</span> 
     </span>
     <span class='ocr_line' id='line_1_39' title="bbox 319 4428 1507 4495; baseline 0.003 -18"><span class='ocrx_word' id='word_1_364' title='bbox 319 4428 441 4478; x_wconf 81' lang='lat' dir='ltr'>Gestalten</span> <span class='ocrx_word' id='word_1_365' title='bbox 458 4445 501 4479; x_wconf 87' lang='lat' dir='ltr'>zur</span> <span class='ocrx_word' id='word_1_366' title='bbox 514 4431 680 4495; x_wconf 82' lang='lat' dir='ltr'>dnschsuung.</span> <span class='ocrx_word' id='word_1_367' title='bbox 698 4430 729 4479; x_wconf 77' lang='lat' dir='ltr'>Es</span> <span class='ocrx_word' id='word_1_368' title='bbox 745 4431 777 4479; x_wconf 87' lang='lat' dir='ltr'>ist</span> <span class='ocrx_word' id='word_1_369' title='bbox 790 4430 844 4479; x_wconf 87' lang='lat' dir='ltr'>hier</span> <span class='ocrx_word' id='word_1_370' title='bbox 859 4430 897 4479; x_wconf 93' lang='lat' dir='ltr'>ein</span> <span class='ocrx_word' id='word_1_371' title='bbox 912 4430 986 4480; x_wconf 86' lang='lat' dir='ltr'>hahes</span> <span class='ocrx_word' id='word_1_372' title='bbox 999 4431 1049 4479; x_wconf 83' lang='lat' dir='ltr'>Ziel</span> <span class='ocrx_word' id='word_1_373' title='bbox 1063 4431 1179 4489; x_wconf 86' lang='lat' dir='ltr'>erreicht,</span> <span class='ocrx_word' id='word_1_374' title='bbox 1195 4429 1250 4480; x_wconf 88' lang='lat' dir='ltr'>aber</span> <span class='ocrx_word' id='word_1_375' title='bbox 1265 4431 1332 4480; x_wconf 88' lang='lat' dir='ltr'>nicht</span> <span class='ocrx_word' id='word_1_376' title='bbox 1346 4431 1387 4480; x_wconf 90' lang='lat' dir='ltr'>das</span> <span class='ocrx_word' id='word_1_377' title='bbox 1396 4431 1507 4491; x_wconf 83' lang='lat' dir='ltr'>hdchste;</span> 
     </span>
     <span class='ocr_line' id='line_1_40' title="bbox 318 4511 1510 4579; baseline 0.003 -20"><span class='ocrx_word' id='word_1_378' title='bbox 318 4511 357 4560; x_wconf 90' lang='lat' dir='ltr'>die</span> <span class='ocrx_word' id='word_1_379' title='bbox 380 4511 538 4577; x_wconf 80' lang='lat' dir='ltr'>Schlldcrung</span> <span class='ocrx_word' id='word_1_380' title='bbox 561 4514 601 4562; x_wconf 86' lang='lat' dir='ltr'>des</span> <span class='ocrx_word' id='word_1_381' title='bbox 625 4513 756 4563; x_wconf 87' lang='lat' dir='ltr'>Menschen</span> <span class='ocrx_word' id='word_1_382' title='bbox 779 4513 805 4562; x_wconf 91' lang='lat' dir='ltr'>in</span> <span class='ocrx_word' id='word_1_383' title='bbox 828 4513 906 4562; x_wconf 89' lang='lat' dir='ltr'>seinsr</span> <span class='ocrx_word' id='word_1_384' title='bbox 923 4514 1040 4563; x_wconf 82' lang='lat' dir='ltr'>Ganzheit</span> <span class='ocrx_word' id='word_1_385' title='bbox 1059 4514 1106 4564; x_wconf 89' lang='lat' dir='ltr'>und</span> <span class='ocrx_word' id='word_1_386' title='bbox 1124 4514 1162 4562; x_wconf 90' lang='lat' dir='ltr'>die</span> <span class='ocrx_word' id='word_1_387' title='bbox 1179 4513 1349 4579; x_wconf 86' lang='lat' dir='ltr'>Verdechtung</span> <span class='ocrx_word' id='word_1_388' title='bbox 1365 4514 1441 4563; x_wconf 88' lang='lat' dir='ltr'>dieser</span> <span class='ocrx_word' id='word_1_389' title='bbox 1458 4513 1510 4563; x_wconf 84' lang='lat' dir='ltr'>ein·</span> 
     </span>
     <span class='ocr_line' id='line_1_41' title="bbox 317 4595 1511 4662; baseline 0.002 -18"><span class='ocrx_word' id='word_1_390' title='bbox 317 4595 400 4644; x_wconf 81' lang='lat' dir='ltr'>zelnen</span> <span class='ocrx_word' id='word_1_391' title='bbox 416 4595 442 4644; x_wconf 91' lang='lat' dir='ltr'>in</span> <span class='ocrx_word' id='word_1_392' title='bbox 457 4595 508 4644; x_wconf 89' lang='lat' dir='ltr'>sich</span> <span class='ocrx_word' id='word_1_393' title='bbox 524 4597 627 4661; x_wconf 80' lang='lat' dir='ltr'>tertigen</span> <span class='ocrx_word' id='word_1_394' title='bbox 644 4597 767 4646; x_wconf 79' lang='lat' dir='ltr'>Gestalten</span> <span class='ocrx_word' id='word_1_395' title='bbox 787 4613 816 4646; x_wconf 85' lang='lat' dir='ltr'>zu</span> <span class='ocrx_word' id='word_1_396' title='bbox 835 4597 901 4646; x_wconf 88' lang='lat' dir='ltr'>einer</span> <span class='ocrx_word' id='word_1_397' title='bbox 919 4596 997 4646; x_wconf 88' lang='lat' dir='ltr'>hohen</span> <span class='ocrx_word' id='word_1_398' title='bbox 1016 4598 1151 4662; x_wconf 87' lang='lat' dir='ltr'>poetischen</span> <span class='ocrx_word' id='word_1_399' title='bbox 1170 4597 1287 4646; x_wconf 78' lang='lat' dir='ltr'>&#39;l&#39;otalitttt</span> <span class='ocrx_word' id='word_1_400' title='bbox 1303 4598 1335 4647; x_wconf 88' lang='lat' dir='ltr'>ist</span> <span class='ocrx_word' id='word_1_401' title='bbox 1352 4597 1404 4646; x_wconf 87' lang='lat' dir='ltr'>eine</span> <span class='ocrx_word' id='word_1_402' title='bbox 1418 4597 1511 4662; x_wconf 80' lang='lat' dir='ltr'>Steige·</span> 
     </span>
    </p>
   </div>
   <div class='ocr_carea' id='block_1_5' title="bbox 0 0 1708 5360">
    <p class='ocr_par' dir='ltr' id='par_1_6' title="bbox 0 0 1708 5360">
     <span class='ocr_line' id='line_1_42' title="bbox 0 0 1708 5360; baseline 0 1"><span class='ocrx_word' id='word_1_403' title='bbox 0 0 1708 5360; x_wconf 95' lang='lat' dir='ltr'> </span> 
     </span>
    </p>
   </div>
  </div>
 </body>
</html>
