3422 5362
859 407 922 471 168

334 587 438 682 Nemo
461 588 604 674 profecto
628 592 801 655 contendet
825 593 954 674 poetam
978 588 1055 653 talia
1079 587 1224 652 didicisse
1247 610 1266 651 a
1288 585 1479 672 philosopho

290 695 340 760 cui
358 695 425 761 sola
444 695 604 781 ignoratio
625 719 730 762 rerum
750 696 854 761 omnis
873 696 949 760 mali
970 717 1065 760 causa
1085 695 1256 760 rideretur.

335 801 396 868 Sed
420 824 554 888 aequum
577 808 624 867 est
648 803 772 869 diversa
794 824 921 888 quoque
944 802 1040 867 effata
1058 802 1346 885 inpartesvocare.
1366 797 1484 864 Adras-

289 911 343 973 tus
365 908 400 972 in
423 907 628 994 Supplicibus
652 909 763 995 (913):
788 912 805 983 ἢ
831 909 857 973 δ’
882 908 1041 988 εὐανδρία,
1065 907 1191 992 inquit,

540 1013 698 1092 διδακτὸν,
723 1012 808 1093 εἴπεν
831 1013 884 1078 uui
909 1013 1026 1094 βρέφος
1051 1011 1229 1077 διδάσκεται

545 1119 648 1198 λέγειν
672 1119 863 1204 dxodrrut',
887 1117 925 1184 ὦν
948 1119 1080 1196 μάθησιν
1105 1120 1157 1184 οὖν
1181 1115 1259 1196 ἔχει.

334 1224 407 1290 Una
433 1224 533 1309 igitur
562 1247 601 1290 ex
631 1226 803 1291 virtutibus
827 1225 1029 1318 discenda
1053 1247 1120 1290 esse
1144 1224 1260 1289 diserte
1283 1223 1417 1301 dicitur;
1443 1224 1484 1287 ad

287 1354 384 1417 quam
405 1331 545 1397 eiusdem
570 1333 723 1398 dramatis
747 1334 841 1397 etiam
866 1356 896 1397 v.
923 1332 987 1399 510
1012 1332 1168 1416 pertinet:

559 1438 611 1503 rai
638 1438 728 1503 τοῦτό
751 1462 796 1504 τοι
820 1440 988 1523 τάνδρεῖον,
1016 1441 1032 1512 ἦ
1058 1435 1223 1517 προμηθίαν.

332 1543 419 1620 Quae
448 1543 617 1609 Socraticis
649 1545 774 1629 placitis
806 1565 935 1630 prorsus
967 1542 1084 1608 similia
1108 1544 1200 1625 sunt,
1239 1541 1394 1626 siquidem
1430 1541 1484 1607 hic

286 1653 356 1716 toto
375 1672 539 1736 sermone,
563 1652 618 1736 qui
638 1651 758 1716 Laches
782 1653 987 1729 inscribitur,
1012 1651 1093 1715 nihil
1117 1651 1335 1714 demonstrare
1347 1651 1482 1714 conatur

286 1757 349 1822 nisi
372 1758 592 1823 fortitudinem
616 1781 683 1824 erse
706 1759 871 1824 scientiam
896 1781 1002 1823 rerum
1029 1759 1155 1823 utilium
1184 1760 1216 1821 et
1242 1756 1428 1822 nocentium
1448 1761 1482 1822 et

287 1863 456 1949 disciplina
474 1864 574 1949 igitur
593 1866 779 1950 comparari.
802 1865 870 1930 Has
882 1869 988 1930 autem
1001 1869 1080 1930 duas
1092 1864 1266 1929 sententias
1278 1862 1483 1955 Euripidem,

288 1993 359 2036 cum
388 1969 485 2034 nullis
509 1970 578 2035 aliis
602 1970 831 2036 confirmentur
855 1972 909 2035 sed
933 1972 1041 2057 potius
1066 1973 1214 2055 pugnent
1233 1992 1305 2035 cum
1326 1969 1391 2034 eius
1411 1971 1482 2055 pla·

288 2073 376 2156 citis,
409 2077 577 2142 verisimile
609 2080 657 2142 est
691 2099 708 2142 e
739 2078 884 2143 doctrina
917 2078 1022 2142 aliena
1053 2078 1236 2161 desumptas
1273 2097 1349 2141 esse.
1389 2075 1483 2140 Nihil

287 2184 395 2248 obstat
422 2184 592 2267 quominus
615 2184 792 2268 cogitemus
815 2207 888 2250 eum
913 2185 1085 2269 aliquando
1110 2204 1183 2247 eum
1208 2181 1338 2248 Socrate
1361 2204 1482 2246 sermo·

288 2291 431 2355 uinctum
455 2290 646 2355 sentenciam
671 2291 711 2355 ab
730 2289 791 2355 hoe
811 2291 879 2354 viro
900 2289 1101 2355 enuntiatam
1120 2288 1290 2352 inseruisse
1301 2288 1406 2372 operi,
1419 2309 1483 2372 quo
1557 2341 1563 2348 .

288 2399 366 2459 tunc
394 2395 546 2480 temporis
574 2398 746 2481 occupatus
774 2398 865 2461 esset.
892 2395 1024 2481 Saepius
1050 2396 1116 2480 jam
1137 2394 1274 2459 vidimus
1295 2393 1481 2478 Supplicum

288 2504 398 2565 drama
422 2500 518 2565 variis
543 2501 636 2565 rebus
660 2502 701 2565 ab
723 2501 855 2586 ingenio
877 2500 1051 2585 Euripidae
1073 2500 1272 2584 aliquantum
1293 2500 1482 2585 discrepare.

334 2605 395 2671 Sed
425 2606 521 2670 etiam
554 2606 616 2670 alia
648 2610 725 2670 sunt
751 2629 833 2691 quae
857 2603 1058 2691 disciplinam
1082 2605 1275 2672 Socraticam
1299 2629 1409 2691 sapere
1433 2607 1482 2671 vi·

289 2715 414 2776 dentur.
434 2710 484 2775 Ex
503 2711 626 2776 incerto
647 2712 789 2776 dramate
810 2711 995 2777 Athenaeus
1008 2711 1112 2796 (XIII.
1126 2733 1181 2797 pg.
1197 2712 1259 2778 561
1274 2714 1307 2799 c)
1319 2713 1481 2778 canticum

288 2816 427 2882 servavit
450 2815 497 2894 (tr.
524 2817 623 2902 889),
648 2817 737 2881 euius
761 2817 822 2882 hoc
845 2820 893 2882 est
917 2818 1062 2882 initium:

562 2921 723 3002 παίδευμα
747 2924 773 2988 δ’
793 2927 892 3004 Ἔρως
917 2923 1032 3002 σοφίας
1059 2929 1169 3005 ἀρετῆς

560 3037 707 3096 πλεῖστον
732 3030 879 3112 ὑπάρχει.

285 3136 306 3202 i.
319 3157 345 3202 e.
359 3157 448 3200 amor
460 3136 601 3221 optimus
613 3140 663 3201 est
675 3137 851 3222 sapientiae
864 3141 896 3202 et
907 3137 1036 3203 virtutis
1048 3138 1210 3223 magister.
1229 3139 1352 3204 Pariter
1364 3139 1481 3205 chorus

286 3243 321 3306 in
346 3242 457 3306 Medea
483 3242 560 3327 (845
586 3244 648 3329 sq.)
672 3242 784 3320 ἔρωτας
809 3248 920 3309 vocat:
945 3252 986 3327 τᾷ
1009 3244 1307 3328 compunctivae,
1329 3248 1480 3317 παντοίας

287 3350 400 3428 ἀρετᾶς
432 3346 610 3429 derewent,
642 3350 756 3434 quibus
788 3350 867 3415 locis
897 3352 998 3435 igitur
1021 3372 1087 3415 non
1111 3352 1214 3415 sulum
1238 3351 1380 3415 doceri
1403 3352 1481 3416 dici-

286 3457 339 3518 tur
363 3453 479 3531 virtus,
504 3455 558 3518 sed
582 3458 657 3518 ante
680 3455 788 3519 omnia
811 3457 916 3521 doceri
939 3458 980 3521 ab
1004 3477 1121 3522 amore.

331 3559 501 3627 Possumus
536 3581 612 3645 ergo
644 3561 796 3644 suspicari
827 3560 1011 3646 Euripidem
1044 3583 1184 3626 amorem
1216 3562 1308 3627 illum
1339 3567 1481 3646 spectare

285 3665 481 3731 Socraticum
512 3665 552 3728 ad
583 3667 705 3730 mentes
729 3665 894 3731 hominum
922 3667 1157 3752 pertinentem,
1187 3669 1419 3753 cupidumque,
1443 3674 1481 3733 ut

286 3769 424 3836 Socratis
455 3770 561 3834 tarbis
592 3773 664 3835 utar
696 3771 793 3855 (Plat.
825 3795 926 3858 symp.
959 3794 1013 3858 pg.
1047 3774 1111 3839 207
1143 3773 1185 3860 E)
1210 3781 1285 3846 »τῆς
1310 3777 1480 3852 γεννήσεως

285 3878 338 3941 cal
363 3881 416 3942 τοῦ
440 3876 529 3941 τόκον
553 3878 582 3940 ἐν
606 3879 648 3957 τῷ
673 3877 791 3957 acad&
817 3877 929 3964 Neque
953 3878 1014 3944 hoc
1039 3880 1104 3944 ulla
1115 3902 1149 3945 re
1161 3902 1219 3964 pro
1233 3885 1319 3946 certo
1331 3880 1481 3966 redargui

283 3987 407 4070 potest,
439 3986 657 4049 verumtamen
690 3984 842 4068 quoniam
878 4006 967 4050 amor
998 3985 1053 4050 ille
1087 3991 1119 4050 et
1154 3987 1281 4052 uirtutis
1316 3986 1478 4051 institutio

284 4089 504 4174 philosophica
523 4088 628 4152 verbis
648 4087 828 4173 Euripideis
850 4112 916 4155 non
935 4091 1100 4176 perspicue
1123 4092 1364 4176 significantur,
1385 4095 1418 4156 ct
1440 4115 1480 4157 nc

283 4199 411 4260 constat
433 4194 562 4281 quidem
587 4195 689 4279 qualis
714 4216 820 4273 amor,
846 4200 953 4261 utrum
978 4198 1157 4282 conjugalis
1182 4221 1221 4262 an
1242 4220 1415 4284 puerorum
1437 4223 1479 4264 an

284 4302 456 4366 amicorum
488 4301 678 4386 cogitandus
703 4301 763 4378 sit,
788 4306 932 4386 praestat
955 4325 1022 4367 rem
1045 4303 1079 4367 in
1105 4304 1207 4367 medio
1231 4305 1418 4389 relinquere.
1446 4305 1481 4372 Si

284 4410 390 4472 autem
430 4410 613 4493 reputamus
651 4409 691 4471 ad
726 4428 822 4491 quam
854 4408 1030 4491 praeclaras
1060 4409 1201 4475 actiones
1233 4412 1318 4495 apud
1348 4410 1479 4496 Euripi·
1593 4478 1598 4487 ‚

285 4513 357 4577 dem
392 4534 481 4578 amor
504 4513 661 4598 vulgaris,
686 4534 759 4580 cum
783 4513 962 4600 conjugalis
986 4517 1055 4580 tum
1079 4515 1259 4596 fraternus,
1282 4516 1477 4584 Alcestidem
