3422 5362
867 472 930 538 178

299 654 371 720 »vir
389 655 510 720 otiosus
529 654 639 718 amicis
659 653 740 717 fidus
757 656 806 717 est
826 657 859 718 et
878 656 997 734 certus,
1020 652 1145 717 civitati
1166 651 1361 719 utilissimus.
1382 651 1492 717 Nolite

299 763 427 847 incepta
450 761 625 845 periculosa
648 761 793 836 laudare,
824 779 883 844 ego
908 760 992 824 enim
1018 781 1121 844 neque
1139 762 1271 824 nautam
1292 759 1491 825 audaciorem

299 887 403 953 neque
422 868 644 952 magistratum
664 866 795 951 probo”.
816 865 867 952 (fr.
881 867 979 951 201):
993 864 1125 930 »Liceat
1135 865 1214 930 mibi
1227 861 1314 930 docti
1323 866 1399 950 quid
1411 887 1489 930 can-

299 976 367 1039 tare
386 976 420 1040 et
436 972 585 1050 recitare,
596 971 668 1037 illas
682 977 787 1037 antem
800 993 865 1049 res,
880 972 996 1058 quibus
1009 971 1121 1037 civitas
1132 955 1277 1048 laborat,
1291 971 1487 1056 negligere.”

344 1079 451 1145 Etiam
476 1079 563 1144 Ionis
585 1079 726 1162 imagine
750 1077 918 1164 Euripides
937 1079 1037 1144 vitam
1058 1079 1174 1144 ἰδιώτου
1193 1077 1385 1155 illustravit,
1405 1077 1489 1142 eiua·

300 1207 363 1272 que
391 1186 535 1251 oratione
558 1185 707 1250 defendit.
745 1185 845 1250 Filius
875 1206 984 1250 recens
1014 1187 1157 1270 repertus
1180 1184 1325 1250 hortanti
1346 1185 1432 1270 patri
1455 1187 1492 1250 ut

299 1291 437 1358 Athenis
468 1294 575 1376 captet
605 1291 834 1377 rempublicam
866 1293 1004 1375 denegat
1026 1313 1059 1356 se
1080 1291 1114 1355 id
1137 1291 1316 1369 facturum,
1340 1313 1413 1356 usus
1437 1313 1490 1355 ar·

302 1399 461 1484 gumentis
493 1421 511 1463 e
539 1400 625 1462 statu
657 1419 762 1463 rerum
785 1397 889 1483 qualia
913 1401 982 1462 erat
1002 1401 1145 1482 tempore
1166 1396 1338 1483 Euripideo
1362 1397 1490 1482 petitis,

298 1505 345 1569 ita
363 1508 401 1570 ut
418 1505 585 1570 consilium
603 1508 715 1589 poetae
728 1526 794 1569 non
807 1505 994 1589 ambiguum
1006 1505 1108 1589 possit
1120 1504 1229 1568 videri.
1243 1503 1392 1569 Testatur
1404 1503 1491 1568 enim

300 1612 379 1696 (589
403 1615 486 1698 sqq.)
523 1634 573 1689 se,
612 1613 722 1697 utpote
757 1611 978 1696 peregrinum,
1015 1610 1102 1696 plebi
1133 1611 1272 1675 invisum
1304 1632 1388 1688 esse,
1420 1614 1490 1675 tum

299 1717 570 1802 sapientibus
604 1717 676 1802 qui
709 1739 729 1782 a
763 1739 902 1782 rerum
938 1717 1324 1782 administratione
1359 1716 1489 1781 absti-

300 1846 322 1887 n
330 1845 347 1888 e
355 1845 374 1887 a
383 1826 428 1887 nt
449 1823 586 1888 ludibrio
606 1823 766 1908 futurum,
778 1823 841 1887 nisi
852 1823 972 1888 otiosus
985 1828 1113 1887 maneat
1124 1823 1159 1887 in
1172 1823 1301 1888 civitate
1312 1822 1490 1888 factionum

299 1929 463 1994 discordiis
485 1929 632 2007 turbata,
655 1928 808 1994 infestum
832 1929 967 2014 denique
989 1951 1023 1995 ee
1041 1929 1185 1994 futurum
1206 1929 1415 2014 optimatibus
1434 1929 1490 2014 qui

299 2038 431 2101 teneant
453 2035 699 2120 rempublicam,
721 2056 856 2121 quorum
876 2035 904 2100 ei
919 2037 959 2101 ad
972 2036 1161 2121 dignitatem
1175 2035 1342 2100 ascendere
1354 2034 1490 2100 voluerit

299 2163 332 2208 se
364 2164 421 2227 per
450 2163 559 2206 eorum
589 2141 741 2226 suffragia
771 2141 928 2226 repulsam
960 2163 1025 2207 esee
1057 2141 1207 2208 laturum.
1238 2139 1360 2206 Deinde
1382 2141 1491 2226 pergit

299 2248 458 2332 explicare
492 2247 618 2312 delicias
649 2247 735 2312 vitae
766 2270 858 2320 suae,
891 2270 988 2332 quam
1017 2247 1128 2333 procul
1160 2247 1316 2331 negotiis,
1347 2270 1366 2310 a
1396 2247 1488 2312 nullo

300 2354 428 2420 homine
447 2357 596 2438 vexatus,
609 2375 736 2419 securus
748 2359 834 2438 agat.
848 2353 1090 2439 Philosophicae
1101 2354 1187 2419 vitae
1200 2354 1308 2418 laudes
1319 2351 1489 2437 Euripides

299 2461 395 2526 etiam
426 2460 622 2546 praedicarit
652 2460 776 2524 cantico
808 2483 904 2544 supra
935 2461 1003 2545 (pg.
1031 2461 1086 2546 77)
1109 2461 1257 2538 laudato,
1281 2459 1317 2523 in
1341 2480 1403 2545 quo
1427 2459 1489 2524 boc

298 2588 425 2653 quoque
447 2569 564 2652 urguet
585 2566 670 2651 quod
694 2566 773 2631 illud
797 2571 845 2632 est
866 2566 1034 2631 hominum
1060 2587 1161 2652 genus

617 2673 698 2751 μήτε
722 2680 851 2737 πολιτῶν
876 2672 926 2736 ἐπὶ
951 2671 1127 2749 ancoritana

615 2777 691 2854 μήτ’
715 2780 757 2852 εἰς
781 2780 902 2851 ἀδίκους
927 2778 1053 2858 πράξεις
1078 2781 1184 2859 ὁρμῶν.

344 2885 403 2951 1110
423 2885 488 2950 0110
500 2882 656 2969 imprimis
672 2885 738 2950 vita
750 2885 960 2950 recentiorum
973 2885 1141 2951 hominum
1152 2885 1193 2949 ab
1205 2885 1408 2969 antiquorum
1421 2882 1490 2950 vita

299 2992 411 3057 (1111011.
437 2991 518 3056 Inde
538 3013 558 3055 a
577 2995 721 3077 tompore
738 2991 910 3076 Euripideo
931 2993 986 3077 qui
1007 2993 1120 3058 studiis
1140 3014 1173 3057 se
1192 2991 1315 3056 dabant
1333 3013 1400 3056 non
1420 3014 1489 3056 am-

298 3099 382 3183 plius
394 3098 577 3163 muneribus
588 3098 725 3182 publicis
736 3097 955 3183 fungebantur
967 3103 1004 3163 ut
1015 3098 1176 3176 Socrates,
1191 3097 1301 3176 Plato,
1314 3097 1489 3184 Isocrates,

297 3204 486 3272 Aristotcles
510 3209 569 3271 oet.
605 3203 802 3289 Quamquam
827 3205 1028 3271 vehementer
1050 3207 1222 3270 dolendum
1246 3209 1295 3271 est
1321 3195 1491 3291 praestan-

297 3311 435 3378 tissimos
463 3314 546 3377 viros
570 3311 798 3397 rempublicam
815 3314 1030 3376 ¹detrectantes
1054 3312 1180 3376 scholae
1202 3314 1329 3377 tantum
1355 3313 1488 3389 vixisse,

298 3422 406 3483 tamen
429 3418 589 3483 excusatio
612 3418 766 3502 quaedam
792 3418 908 3482 mutati
930 3422 1031 3484 status
1055 3419 1248 3504 reipublicae
1269 3418 1309 3484 iis
1336 3418 1489 3503 denegari

299 3524 420 3608 nequit.
444 3523 578 3589 Etiamsi
602 3524 758 3589 oredimus
783 3523 995 3589 ocblccratiae
1018 3529 1154 3590 terrores
1175 3526 1487 3608 demagogorumque

298 3631 530 3717 impudentiam
560 3632 664 3696 verbis
697 3631 920 3696 historicorum
957 3631 1143 3718 plerumque
1174 3630 1266 3697 valde
1296 3632 1489 3716 exaggerata

298 3760 382 3816 esse,
415 3740 521 3802 tamen
553 3740 694 3803 oratores
724 3738 800 3804 novi
823 3760 862 3803 ex
886 3737 997 3802 infima
1021 3738 1112 3822 plebe
1136 3738 1283 3815 oriundi,
1308 3742 1344 3802 ut
1367 3736 1490 3802 luerint

299 3865 404 3909 rerum
425 3843 536 3928 periti,
556 3843 699 3928 profecto
720 3845 895 3929 dignitate,
916 3847 1101 3921 venustate,
1123 3844 1305 3908 urbanitate
1324 3843 1488 3910 carebant.

299 3949 364 4016 Ubi
395 3949 474 4014 tales
506 3949 651 4016 homines
682 3955 823 4036 agrestes
856 3950 960 4035 gratia
992 3955 1140 4015 crescunt
1170 3950 1351 4036 sensimque
1382 3971 1489 4015 rerum

299 4055 432 4141 imperio
467 4055 651 4140 potiuntur,
688 4057 875 4122 eruditiores
910 4056 1181 4142 elegantioresque
1212 4078 1229 4120 e
1259 4057 1326 4121 vita
1358 4055 1490 4141 publica

299 4165 442 4227 recedere
471 4161 592 4247 solent3
625 4183 727 4247 neque
756 4163 790 4227 id
822 4184 950 4248 prorsus
981 4163 1020 4228 iis
1052 4163 1129 4228 vitio
1153 4162 1236 4226 verti
1259 4164 1375 4249 potest.
1411 4161 1488 4228 Non

298 4267 417 4352 injuria
451 4267 510 4333 Ion
542 4266 749 4352 Euripidem,
782 4271 923 4355 gaudens
955 4269 1039 4356 quod
1062 4270 1097 4334 in
1120 4268 1234 4354 templi
1257 4269 1432 4334 ministerio
1455 4290 1490 4334 so

299 4395 393 4440 nemo
417 4374 581 4461 improbus
605 4374 675 4440 loco
699 4378 864 4463 detrudat,
890 4378 980 4442 addit
1003 4378 1047 4463 (v.
1072 4377 1168 4464 636):

821 4492 899 4550 κεῖνο
923 4484 948 4548 δ’
972 4484 1025 4549 orla
1048 4483 1225 4565 ἀνασχετὸν

594 4587 683 4655 elaea
706 4589 773 4656 lloir
796 4595 948 4671 χαλῶντα
969 4597 1031 4663 τοῖς
1055 4590 1201 4660 κακίοσιν.
