3418 5356
898 468 941 532 66

369 649 460 716 Nihil
495 649 595 735 igitur
631 649 812 714 mirandum
847 652 895 714 est
925 671 997 715 eum
1024 647 1178 734 populum
1201 669 1344 734 quoque,
1367 647 1403 712 iu
1426 646 1515 714 ouius

323 757 442 823 finibus
462 756 603 835 habitet,
627 778 783 841 quemque
801 759 892 824 valde
911 756 1043 842 diligere
1054 758 1216 842 putandus
1228 756 1285 834 sit,
1297 754 1399 821 lenius
1410 755 1516 820 lovere

323 885 418 949 quam
443 862 638 947 longinquos
662 861 852 948 ignotosque
875 862 1030 928 homiues.
1055 861 1109 948 (cf.
1129 865 1241 927 annot.
1260 861 1294 926 in
1314 881 1368 946 pg.
1388 861 1513 946 priore).

323 971 371 1035 At
399 973 494 1054 poeta
525 969 730 1034 admirationi
752 969 870 1034 theatri
892 968 1066 1054 Aethiopes
1089 968 1240 1034 candidos
1263 967 1437 1054 spcotautis
1460 989 1514 1034 oc·

323 1077 514 1140 currendum
545 1075 685 1153 censuit,
716 1078 911 1162 quapropter
932 1076 967 1140 in
990 1076 1124 1161 prologo
1147 1074 1187 1140 ad
1211 1074 1431 1160 explicandam
1454 1074 1514 1140 ho·

323 1181 447 1245 minum
469 1180 605 1265 speciem
629 1180 814 1266 simpliciter
839 1181 936 1248 dixit:

526 1288 618 1367 θερμὴ
643 1285 670 1352 δ’
694 1286 827 1360 ἄνακτος
851 1285 937 1364 Φλὸξ
960 1286 1192 1369 ὑπερτέλλοντα
1214 1294 1273 1366 γῆς

527 1396 610 1459 ναέει-
630 1395 672 1458 τοὶ
695 1393 808 1480 πέρροι,
833 1393 994 1473 τάγγύθεν
1017 1395 1043 1459 δ’
1066 1394 1191 1473 εὔαρατ
1215 1392 1281 1478 ἔχει
1296 1393 1342 1482 ¹),

324 1501 362 1565 de
385 1500 624 1586 quaestionibus
650 1500 848 1566 naturalibus
870 1522 944 1566 vero
968 1523 1008 1566 ne
1030 1501 1186 1586 cogitavit
1207 1501 1345 1587 quidem.

366 1605 453 1682 Quae
476 1607 698 1692 interpretatio
725 1607 803 1671 mihi
826 1607 1001 1692 simplicior
1020 1612 1053 1674 ct
1071 1607 1267 1692 probabilior
1278 1608 1404 1672 videtur
1415 1629 1512 1692 quam

321 1713 401 1798 legis
424 1713 580 1778 naturalis
605 1713 753 1798 suspicio.

366 1927 396 1993 A
422 1929 488 1994 sole
510 1930 550 1994 ad
573 1929 683 1994 lunam
709 1928 879 1996 facillimus
902 1935 950 1996 est
972 1931 1137 1996 transitus.
1161 1930 1328 2016 Antigone
1352 1932 1386 1996 in
1409 1931 1512 1997 Phoe·

322 2035 417 2100 nissis
450 2036 561 2103 lunam
596 2036 641 2101 sio
677 2035 851 2121 alloquitur
883 2040 941 2122 (vs.
978 2038 1073 2123 175):
1106 2034 1351 2120 ὦλιπαροζώνον
1376 2039 1511 2118 θύγατερ

322 2141 428 2207 ‘aruo
464 2142 625 2206 Σελαναία
636 2190 734 2220 .....
770 2142 825 2207 ubi
854 2144 889 2208 in
920 2143 1020 2208 schol.
1049 2147 1241 2209 annotatum
1265 2149 1330 2211 est:
1354 2145 1512 2211 Hesiodus

323 2245 468 2312 Selenam
492 2246 574 2314 Solis
596 2270 783 2314 sororem
807 2249 902 2328 dicit,
927 2249 1110 2332 »Αἰσχύλος
1136 2251 1166 2316 u
1190 2249 1242 2316 καὶ
1263 2251 1290 2316 οἱ
1314 2251 1514 2330 Φνοιιιῶτεροι

323 2355 548 2435 θυγατέρα,
572 2355 703 2435 παρόσον
727 2356 759 2420 εἰς
784 2361 837 2420 τοῦ
861 2359 989 2431 ἡλιακοῦ
1009 2356 1112 2436 φωτὸς
1134 2355 1378 2436 μεταλαμβάνει
1399 2356 1513 2436 ἀμέλει

323 2460 375 2524 καὶ
400 2461 471 2540 πρὸς
495 2462 554 2532 τοὶς
581 2463 716 2536 ἡλιακὰς
741 2461 928 2534 ὑποστάσεις
953 2467 1209 2544 μεταμορφοῦται
1236 2465 1253 2538 tl
1276 2463 1419 2540 σελήνη”.

369 2565 469 2641 Quam
493 2567 676 2650 opinionem
700 2568 735 2631 in
759 2566 857 2633 schol.
883 2571 932 2632 ad·
947 2570 1080 2633 Aratum
1104 2571 1146 2653 (v.
1172 2568 1251 2654 455)
1275 2570 1311 2634 in
1330 2569 1514 2636 universum

323 2671 495 2753 ›tragicis'’
517 2673 670 2738 tribuitur
683 2677 716 2757 ²).
732 2673 766 2738 Si
778 2676 970 2758 spectatores
981 2695 1145 2740 censemus
1156 2677 1308 2740 continuo
1320 2676 1513 2744 intellexisse

322 2777 468 2843 Salonam
498 2779 570 2843 idco
601 2778 682 2844 Solis
711 2779 810 2843 filiam
841 2780 948 2844 vocari
981 2782 1056 2865 quia
1087 2781 1195 2847 lumen
1226 2783 1267 2847 ab
1297 2804 1334 2848 eo
1358 2783 1513 2870 accipiat,

322 2885 500 2948 statuamus
535 2905 660 2950 necesse
691 2887 740 2948 est
770 2885 830 2949 hoc
858 2886 1044 2970 jamdudum
1077 2891 1189 2952 notum
1212 2888 1319 2956 fuisse.
1354 2888 1513 2955 Necnon

322 2988 408 3054 inter
436 2989 643 3074 philosophos
675 2989 891 3056 Anaximenes
920 2991 1126 3059 Parmenides
1149 2993 1356 3079 Empedocles
1379 2994 1513 3061 Anaxa-

322 3116 416 3181 goras
439 3096 525 3161 idem
549 3097 733 3162 docuerant.

368 3307 448 3374 Cum
469 3310 595 3375 locutus
618 3333 688 3375 sum
713 3311 752 3376 dc
775 3312 875 3376 animi
903 3316 935 3377 et
957 3314 1097 3398 corporis
1114 3314 1149 3379 in
1168 3319 1269 3381 morte
1288 3316 1512 3392 dissolutione,

323 3415 382 3480 hos
406 3416 547 3481 senarios
570 3416 667 3482 citavi
690 3423 757 3502 (pg.
785 3417 880 3502 147):

483 3524 496 3588 ὃ
521 3522 549 3588 δ’
573 3522 641 3602 ἄρτι
666 3523 788 3590 θάλλων
811 3524 911 3606 σοὶριια
936 3525 1074 3600 διοπετὴς
1100 3522 1178 3600 ὅπως

483 3631 580 3707 οὶστέρρ
606 3630 753 3710 ἀπέσβη,
777 3632 890 3708 πνεῦμ’
915 3634 1008 3714 οὶφεὶς
1035 3637 1076 3704 εἰς
1101 3635 1205 3714 αἰθέρα
1229 3635 1282 3722 (fr.
1307 3638 1397 3723 961).

370 3734 467 3821 Apud
498 3735 724 3823 Plutarchum,
758 3737 807 3803 De
837 3739 958 3804 defectu
991 3761 1073 3807 orac.
1105 3762 1159 3826 pg.
1185 3743 1268 3820 416,
1294 3741 1515 3810 Cleombrotus

322 3842 373 3906 his
395 3841 538 3907 illustrat
562 3844 747 3928 opinionem
769 3848 917 3910 naturam
938 3847 1138 3932 proposuisse
1157 3849 1287 3913 deorum
1304 3850 1515 3916 ethominum

323 3948 413 4012 velut
436 3949 582 4035 exempla
606 3954 639 4015 et
660 3951 834 4036 imagines,
859 3955 990 4026 deorum
1014 3953 1134 4020 scilicet
1153 3955 1250 4020 solem
1271 3959 1414 4035 etastra,
1428 3978 1514 4022 mor·

358 4261 385 4322 1)
404 4261 441 4310 Ol.
468 4261 588 4322 Welolrer,
615 4263 653 4312 die
676 4265 771 4315 Griech.
795 4269 866 4331 trag„
889 4269 943 4326 oet..
966 4267 994 4316 II
1015 4285 1054 4334 pg.
1073 4269 1134 4318 596:
1154 4285 1204 4319 ‚wo
1221 4269 1332 4336 libripens
1349 4273 1403 4321 dem
1420 4273 1515 4323 Numan

324 4342 458 4408 Aethiopeu
484 4361 537 4395 aum
565 4346 650 4406 Treta,
676 4347 714 4397 dic
737 4350 815 4398 Souna
838 4348 906 4399 nicht
928 4349 1060 4411 brennand,
1087 4352 1125 4400 dic
1141 4353 1198 4402 Lult
1214 4352 1310 4403 liebliclr
1326 4355 1455 4420 gemtseigt
1469 4355 1515 4415 ic,

323 4441 382 4491 gana
398 4425 519 4477 uatfirlioh
536 4427 580 4478 wie
596 4429 663 4486 hier,
683 4430 727 4479 wic
743 4430 767 4480 iu
786 4431 831 4480 den
847 4432 968 4483 llrdecheu
986 4434 1024 4483 die
1040 4436 1118 4484 Souna
1133 4435 1175 4485 der
1188 4435 1322 4487 Untcrwclt
1335 4436 1367 4487 iet
1380 4437 1424 4486 wic
1436 4436 1515 4487 hier.''

357 4508 391 4638 21)ἶ
403 4508 538 4560 Brdhrmus
563 4527 619 4562 vcro
643 4528 687 4576 pro
704 4511 777 4561 ι1λίον
796 4512 921 4578 legendum
937 4517 1061 4582 proposuit
1078 4520 1194 4576 Λατοῦς,
1208 4519 1389 4570 nuntiantibus
1403 4519 1514 4570 Nuuclrio

323 4593 347 4639 et
393 4605 512 4640 ermanno.
646 4609 648 4612 ’
