3422 5362
765 483 826 546 145

425 669 482 728 τῶν
506 664 689 741 ἀντιλογιῶν
713 665 765 729 nal
791 673 951 744 λυγισμῶν
975 667 1026 732 καὶ
1051 671 1189 750 στροφῶν

424 769 675 853 ὑπερεμάνησαν,
700 767 871 850 ιιιῖνέμισοιν
896 774 1087 854 σοφώτατον.

197 877 266 940 tum
287 876 331 961 (v.
358 875 439 961 954)
461 878 502 940 dc
524 897 558 942 sa
580 877 649 962 ipss
670 877 834 961 praedicat
855 876 1039 963 Euripides:

333 980 444 1047 έτειτοι
468 983 606 1048 τουτουσὶ
631 992 744 1048 λαλεῖν
768 983 894 1062 έδῖδαξα
897 1031 1087 1056 .........

333 1094 455 1154 λεπτῶν
477 1111 512 1154 τε
537 1089 666 1154 κανένιον
691 1089 828 1167 έσβολίιι
852 1093 931 1156 ἐτοῖν
954 1115 989 1156 τε
1012 1093 1229 1172 γιονιασμοέιι,

333 1203 426 1274 νοεῖν,
450 1195 539 1276 δρᾶν,
561 1193 709 1273 ξυνιέναι,
734 1196 894 1276 στρέφειν,
922 1199 1011 1278 έρῖῖν,
1034 1199 1219 1281 τεχνάζειν,

333 1300 413 1381 κάχ’
438 1301 671 1380 ὑτοτοτεῖτῖαι,
694 1310 838 1383 περινοεῖν
861 1299 1002 1369 ἅπαντα.

199 1429 228 1473 r.
254 1405 320 1472 850
343 1407 385 1472 ab
409 1406 568 1492 Aeschylo
593 1407 696 1474 dictus
719 1412 789 1473 arat

334 1512 457 1590 γάμους
482 1513 507 1579 δ’
529 1515 667 1585 α’νοτῖους
691 1515 825 1596 έσΦέρονυ
850 1516 879 1588 ές
905 1518 960 1591 τὴν
983 1516 1111 1598 τέχνην.

199 1621 231 1682 at
252 1641 282 1684 v.
310 1619 395 1684 1077
420 1621 593 1685 eorundem
617 1621 767 1686 vitiorum
790 1622 831 1686 ab
854 1643 893 1687 eo
916 1627 1082 1688 accusatur
1105 1624 1166 1690 hoc
1190 1625 1284 1690 modo

516 1727 608 1791 τοῖονυ
632 1727 662 1792 δέ
686 1735 788 1794 κακῶν
812 1729 865 1794 ονἰιο
888 1727 985 1802 αῖτιές
1010 1730 1096 1806 έττ’;

515 1833 548 1897 οὐ
571 1833 775 1911 προαγωγοὺς
794 1833 950 1909 κατέδειξ’
962 1830 1065 1912 οὗτος,

512 1940 564 2003 καὶ
586 1941 753 2013 τικτούσας
778 1943 809 2005 έν
833 1947 895 2013 τοῖς
922 1941 1027 2020 ἱεροῖς,

515 2046 569 2110 καὶ
592 2047 786 2124 μιγνυμένας
812 2055 906 2112 τοῖσιν
930 2047 1096 2131 ἀδελφοῖς,

394 2217 396 2222 .
524 2155 576 2218 ιιαῖ
601 2152 785 2232 Φαταούσας
810 2154 844 2218 οὔ
862 2153 915 2234 ζῆν
941 2155 975 2218 τὸ
999 2154 1073 2236 ζῆν,

198 2257 306 2342 itaque
335 2257 474 2322 affecisse
503 2258 620 2324 dieitur
643 2262 703 2323 »nt
726 2260 801 2324 urbs
824 2258 922 2343 plena
944 2264 1027 2325 esset
1049 2260 1241 2339 scribarum,
1265 2261 1391 2339 furum,

198 2363 418 2442 adulatorum,
443 2366 497 2450 qui
518 2365 672 2451 populum
691 2386 815 2451 semper
832 2365 1029 2451 deciperent,
1051 2371 1085 2432 et
1104 2371 1142 2431 at
1160 2389 1236 2453 praa
1256 2366 1392 2432 mollitia

200 2491 294 2534 namo
312 2469 448 2554 amplius
467 2469 567 2536 lacem
589 2470 670 2536 farre
690 2471 828 2555 posset”.
850 2471 1074 2538 Accusationis
1092 2473 1198 2557 capita
1217 2492 1294 2557 ergo
1313 2473 1391 2538 haec

199 2579 292 2640 sunt:
317 2597 392 2640 usus
416 2577 667 2642 ratiuncularum
690 2577 894 2654 callidarum,
915 2581 1001 2643 unde
1020 2578 1097 2642 mali
1116 2579 1274 2643 discerent
1293 2579 1391 2643 scele-

199 2703 268 2746 rum
291 2681 510 2746 excusationes
532 2687 566 2746 st
588 2683 806 2761 defensiones3
830 2683 963 2748 omnino
986 2683 1104 2749 nimius
1126 2705 1201 2748 usus
1220 2685 1299 2748 artis
1316 2683 1390 2748 rhe-

197 2788 332 2865 toricae,
353 2810 418 2872 qua
434 2789 569 2872 juvenes
587 2789 702 2872 fierent
720 2790 868 2874 loquaces
887 2795 919 2855 ct
937 2789 1128 2876 effeminati3
1142 2791 1391 2876 repraesentatio

195 2894 386 2958 seminarum
428 2894 636 2972 lascivarum,
676 2917 883 2980 amorumque
917 2895 1175 2969 inhonestorum
1215 2896 1392 2985 horumque

197 2999 432 3065 commendatio
454 3021 511 3083 par
535 3001 671 3065 artificia
693 3001 862 3066 rhetorica.

242 3105 329 3171 Anto
351 3125 462 3170 omncs
485 3105 647 3190 sophistas
669 3128 796 3191 quoque
818 3108 1037 3192 arguebantur
1061 3112 1130 3173 arte
1146 3108 1304 3173 rhetorica
1315 3109 1394 3172 boni

199 3212 337 3297 malique
357 3211 511 3277 terminos
531 3213 713 3290 sustulisse;
734 3214 790 3297 qui
802 3213 954 3298 quoniam
966 3217 1073 3279 autem
1086 3215 1152 3279 eins
1163 3215 1241 3279 artis
1253 3215 1395 3279 studium

199 3323 283 3383 certe
313 3319 348 3382 iu
377 3316 541 3383 Graeciam
564 3319 814 3384 introduxerant
843 3325 876 3385 et
897 3318 1066 3403 Euripides
1089 3341 1198 3385 eorum
1223 3320 1395 3404 discipulus

199 3425 326 3490 sedulus
355 3424 452 3489 luisse
483 3425 637 3502 creditur,
668 3429 737 3490 tum
761 3425 813 3490 hic
836 3446 962 3512 quoque
986 3426 1071 3490 haud
1092 3427 1186 3490 dubis
1206 3426 1300 3490 simul
1322 3447 1394 3490 cum

200 3530 263 3595 illis
293 3529 433 3597 Socratis
462 3532 593 3596 nomine
623 3532 657 3596 in
691 3531 839 3596 Nubibus
870 3532 1049 3616 exagitatus
1073 3537 1121 3596 est
1136 3531 1176 3610 ¹),
1208 3531 1334 3596 ridetur
1357 3531 1396 3594 de

200 3637 286 3701 vitiis
314 3636 461 3723 Euripidi
490 3639 623 3722 objectis
653 3642 727 3723 apte
751 3638 907 3724 disputari
933 3659 997 3702 non
1022 3659 1131 3722 posse,
1159 3638 1221 3703 nisi
1245 3642 1340 3703 antea
1357 3637 1396 3700 ds

200 3742 368 3827 sophistis,
389 3765 497 3808 eorum
518 3743 641 3809 scilicet
666 3744 867 3822 auctoribus,
891 3743 1070 3828 expositum
1095 3744 1147 3807 sit

630 3965 649 4039 ἓ
673 3961 703 4025 4.
730 3957 780 4025 De
803 3957 966 4048 sophistis.

249 4155 297 4222 Da
316 4155 406 4223 nullo
425 4155 560 4224 sortasse
580 4155 746 4222 homiuum
766 4177 883 4241 genera
903 4178 960 4242 per
975 4154 1092 4241 viginti
1105 4155 1231 4222 saecula
1238 4155 1394 4240 judicium

202 4263 346 4348 iniquius
376 4269 409 4329 et
429 4264 541 4329 falsius
560 4263 661 4328 latum
684 4267 742 4327 est
767 4260 918 4326 Omnium
942 4261 1007 4327 lere
1029 4265 1063 4327 at
1084 4281 1159 4326 suae
1182 4264 1215 4325 ct
1236 4263 1399 4345 sequentis

237 4530 265 4594 1)
288 4529 342 4582 via
365 4547 388 4581 τ.
412 4533 527 4582 Iesum
549 4529 604 4580 diss.
624 4530 653 4580 da
669 4529 744 4580 Arist.
762 4529 819 4578 Eur.
838 4543 935 4579 caumrs
953 4546 991 4595 pp.
1010 4529 1041 4578 lt
1058 4543 1122 4594 ηιμ
1143 4525 1206 4578 Noli.
1224 4543 1247 4581 r.
1266 4529 1328 4584 1⁸71
1347 4545 1399 4595 sqq.

200 4611 332 4680 Euripidae
348 4614 489 4665 nominatim
506 4615 605 4680 patitur.

1246 4709 1277 4758 10
