3422 5362
864 465 926 531 144

299 649 461 732 vituperat
475 647 509 732 ¹).
542 646 661 711 Verum
695 647 806 731 Lycus
821 648 862 711 ab
885 647 1023 714 Hercule
1048 649 1115 712 sine
1138 648 1384 733 reprehensione
1408 649 1492 712 occi·

300 754 403 831 ditnr3
445 751 577 818 Hecuba
617 754 746 838 impune
782 754 1032 842 Polymestorcm
1069 755 1232 819 ulciscitur
1265 777 1367 840 neque
1400 753 1491 838 Aga·

300 861 464 925 memnoni
494 881 612 943 poenas
644 860 716 936 dat;
740 861 836 924 etiam
860 861 894 924 in
921 861 1032 924 Medea
1056 861 1109 924 vix
1133 861 1332 944 improbatur
1355 859 1492 926 Creusae

301 964 509 1050 Creontisque
529 965 648 1030 caedes.
669 965 746 1043 Ion,
770 967 816 1030 vir
836 965 1038 1050 mitissimus,
1061 989 1158 1050 quum
1172 989 1190 1029 a
1203 966 1319 1051 Pythia
1339 967 1494 1031 retinetur

301 1095 342 1140 ne
366 1070 517 1138 Creusam
540 1072 679 1156 occidat,
704 1072 877 1138 exclamat:
903 1093 1033 1136 »nonne
1057 1076 1185 1156 oportet
1207 1095 1258 1137 me
1279 1073 1420 1138 occidere
1439 1093 1493 1136 eos

302 1179 357 1263 qui
390 1177 468 1241 mihi
491 1180 626 1240 mortem
647 1177 813 1242 intendere
837 1177 1029 1242 voluerunt?
1052 1200 1150 1263 purus
1173 1178 1258 1242 enim
1283 1182 1315 1243 et
1337 1179 1493 1243 innocens

302 1286 351 1348 est
372 1282 554 1368 quicunque
576 1283 723 1350 inimicos
743 1284 916 1348 interficit'’
931 1283 967 1369 ⁹).
992 1282 1063 1349 Hac
1086 1285 1120 1348 in
1144 1307 1178 1349 re
1200 1285 1369 1370 Euripides
1392 1285 1493 1370 igitur

303 1391 444 1455 nondum
457 1391 624 1473 proposuit
635 1390 784 1455 sublimia
795 1390 933 1455 Socratis
945 1392 1047 1454 dicam
1061 1413 1101 1455 an
1114 1391 1260 1456 Platonis
1272 1396 1441 1476 praecepta
1455 1393 1492 1477 3),

302 1517 384 1581 quae
405 1518 598 1581 quemquam
621 1500 732 1561 vetant
755 1497 904 1582 injuriam
927 1497 1047 1576 inferre
1072 1497 1110 1561 iis
1131 1498 1281 1581 equibus
1301 1521 1413 1583 passus
1433 1499 1494 1578 sit,

304 1604 481 1687 docentque
516 1604 616 1668 satius
647 1625 713 1668 esse
742 1603 894 1686 injuriam
926 1604 1074 1689 accipere
1098 1625 1196 1688 quam
1227 1603 1348 1682 facere,
1374 1642 1416 1653 -
1440 1604 1494 1670 sed

304 1709 410 1793 potius
440 1712 567 1773 secutus
596 1713 645 1774 est
674 1709 877 1794 opinionem,
909 1732 1004 1794 quam
1037 1709 1183 1775 Socrates
1215 1711 1401 1776 Platonicus
1432 1718 1495 1783 τοῖς

305 1823 430 1887 πολλοῖς
462 1815 627 1893 attribuit,
664 1837 779 1899 eosque
811 1837 912 1880 mores
942 1816 1104 1893 laudavit,
1128 1839 1208 1901 quos
1232 1815 1329 1882 Solon
1354 1841 1373 1882 a
1396 1817 1497 1882 Musis

305 1920 432 2004 flagitat
453 1919 504 1984 his
527 1921 630 1985 verbis
655 1922 751 2004 (apud
775 1921 897 2004 Bergk,
918 1921 957 1986 ir.
985 1923 1037 2000 13,
1064 1922 1083 1985 5
1108 1931 1211 2007 sqq.):

488 2021 564 2091 εἶναι
589 2019 761 2104 triavum
785 2024 841 2092 ὦδε
865 2029 986 2110 Φίλοις,
1011 2029 1142 2110 ἐχθροῖσι
1167 2029 1198 2093 δὲ
1223 2029 1346 2110 πικρὸν,

425 2197 427 2201 .
488 2139 566 2196 τοῖσι
590 2133 646 2208 μὲν
670 2133 798 2211 αἰδοῖοι,
822 2142 899 2198 τοῖσι
925 2136 954 2199 δὲ
979 2134 1070 2198 δεινὸν
1092 2135 1174 2200 ἰδεῖν.

353 2237 441 2303 Haec
461 2239 571 2304 omnia
589 2239 689 2323 igitur
708 2239 748 2304 ab
761 2240 939 2323 aequalium
952 2241 1158 2324 opinionibus
1169 2264 1281 2325 parum
1295 2243 1496 2311 differebant.

442 2487 460 2569 ᾖ
487 2488 516 2550 3.
547 2483 670 2552 Crimen
694 2511 815 2552 morum
840 2501 1058 2572 corruptorum
1082 2491 1120 2553 ab
1143 2489 1354 2579 Aristophane

748 2595 900 2681 Euripidi
921 2595 1052 2661 iliatam.

352 2777 412 2844 Sed
445 2779 634 2863 jamdudum
669 2776 732 2840 fert
764 2777 889 2840 animus
919 2778 1074 2861 indagare
1101 2783 1259 2864 quatenus
1282 2802 1301 2845 a
1323 2782 1500 2867 praeceptis

308 2883 439 2961 ethicis,
471 2904 551 2965 quae
582 2881 679 2965 vulgo
703 2881 863 2960 valerent,
889 2883 923 2946 iu
946 2884 1133 2949 deteriorem
1157 2890 1280 2970 partem
1305 2888 1497 2967 discesserit,

308 2994 340 3054 et
368 2989 445 3073 quid
468 2987 599 3052 tandem
623 2987 704 3051 illud
729 2989 770 3052 sit
793 2988 827 3052 in
853 3009 916 3072 quo
942 2987 1154 3074 Aristophani
1178 2992 1309 3077 aliisque
1332 2995 1499 3060 nonnullis

308 3117 431 3160 morum
453 3098 620 3180 corruptor
643 3096 730 3160 visus
750 3096 800 3160 sit.
822 3095 925 3180 Ipsius
946 3097 1087 3163 criminis
1107 3100 1297 3165 documenta
1318 3107 1445 3167 exstant
1463 3104 1499 3167 in

309 3201 426 3291 Ranis3
449 3203 588 3286 primum
611 3225 642 3266 v.
669 3202 732 3267 771
757 3223 844 3286 sqq:

535 3304 585 3372 irs
611 3309 645 3382 dd
674 3309 805 3382 κατῆλθ’
828 3309 1010 3394 Εὐριπίδης,
1036 3312 1227 3378 ἐπεδείκνυτο

532 3422 595 3487 τοῖς
619 3415 810 3486 λωποδύταις
835 3415 886 3479 καὶ
911 3425 988 3481 τοῖσι
1011 3419 1294 3498 βαλλαντιοτόμοις

466 3509 470 3516 ’
535 3521 587 3585 καὶ
612 3529 689 3586 τοῖσι
713 3521 933 3601 πατραλοίαισι
958 3524 1010 3587 καὶ
1034 3525 1253 3606 τοιχωρύχοις,

534 3624 605 3708 ὅπερ
630 3625 695 3692 ἔστ’
721 3629 750 3692 ἕο
772 3623 877 3692 Ἅιδου
902 3633 1033 3708 πλῆθος,
1058 3632 1083 3695 οἱ
1109 3631 1318 3712 δὀἔκροώμειοι

311 3813 487 3827 Μ]

343 3931 370 3996 l)
395 3931 468 3996 Apud
492 3929 565 3978 Thuc.
589 3926 629 3978 lIl
652 3944 671 3980 c.
696 3932 727 3980 58
750 3928 855 3980 Thebani
873 3946 887 3980 a
904 3928 1032 3995 Spartiatis
1055 3929 1129 3980 vitam
1147 3931 1192 3981 sibi
1210 3933 1378 3998 deprecentur,
1397 3933 1460 4000 quod
1477 3952 1502 3984 se

308 4013 354 4078 ipsi
370 4011 515 4062 tradiderint
531 4011 557 4060 iu
573 4027 656 4060 eorum
673 4015 826 4077 potestatem.
841 4014 920 4077 Quam
934 4028 985 4062 rem
999 4014 1099 4062 fortasse
1113 4013 1157 4063 illa
1171 4015 1298 4064 Alcmenae
1310 4017 1503 4068 Atheniensium·

308 4109 354 4159 qus
370 4094 521 4144 contentione
537 4093 665 4157 significari
682 4109 754 4159 supra
772 4095 892 4159 disputavi
910 4095 969 4148 (vid.
988 4112 1026 4161 pg.
1044 4096 1075 4145 13
1092 4100 1145 4161 sq).

342 4177 370 4240 91)
389 4175 487 4226 Hecuba
510 4175 545 4237 (in
561 4192 628 4240 cogn.
646 4176 682 4224 dr.
701 4177 750 4224 844
766 4179 815 4242 sq.)
833 4181 1037 4241 Agamemnonem
1053 4182 1135 4228 monet
1153 4178 1221 4243 probi
1239 4184 1264 4230 ct
1281 4182 1438 4232 strenui'esee
1456 4183 1503 4232 riri

309 4257 385 4308 melos
401 4258 488 4323 ubique
504 4273 594 4308 vexare.

343 4343 371 4406 8)
394 4341 465 4391 Plato
489 4341 557 4391 Crito
579 4356 618 4405 pg.
642 4341 675 4389 49
692 4342 728 4400 0.,
752 4342 825 4406 Gorg.
849 4359 888 4408 pg.
912 4344 962 4392 469
977 4345 1014 4404 Β,
1039 4346 1086 4394 508
1105 4347 1135 4404 D,
1154 4347 1181 4395 Ε.
1215 4348 1245 4396 Ιιι
1272 4348 1371 4396 Critone
1395 4350 1504 4398 &crates

313 4426 417 4474 testetur
439 4423 484 4472 sibi
505 4424 566 4473 illud
587 4421 728 4486 jamdudum
749 4424 876 4490 phenicem
897 4442 981 4476 veram
997 4427 1060 4492 apud
1078 4429 1136 4477 Xon.
1157 4429 1453 4490 Mem5113,14etd‚
1472 4431 1504 4480 38

310 4507 374 4556 idem
396 4505 491 4556 disertis
515 4505 592 4556 verbis
615 4505 649 4556 ait
677 4522 795 4557 sommam
811 4509 927 4558 virtutem
943 4525 992 4558 osse
1013 4510 1100 4559 amicos
1117 4527 1232 4577 occuparo
1249 4511 1379 4572 beneficiis,
1397 4496 1505 4563 inimicos

311 4587 441 4640 maleficiis.
459 4589 568 4638 Praestet
584 4588 684 4640 lodessa
701 4588 764 4638 illud
780 4590 866 4654 dogma
883 4591 983 4640 Platoni
999 4607 1071 4656 quem
1088 4595 1181 4644 Socrati
1196 4593 1322 4646 ascribere.
