3418 5356
852 447 915 511 134

287 627 412 695 tionum
435 629 697 714 investigatores,
722 629 864 694 omnium
889 650 954 693 esse
977 627 1189 693 stultissimos.
1216 626 1342 693 Nemo
1373 627 1482 692 enim

288 735 529 800 mortalium
553 736 659 800 felix
683 739 763 811 est;
787 734 857 800 fieri
880 756 957 799 sano
976 738 1082 820 potest
1105 737 1142 798 ut
1153 731 1356 798 affluentibus
1367 734 1482 819 opibus

287 841 368 906 alter
390 841 490 906 altero
514 841 557 906 sit
578 840 789 923 fortunatior;
822 862 1045 926 numquam
1072 843 1211 904 tamen
1234 839 1338 904 felix
1362 827 1480 905 erit.'’'

287 945 404 1012 Nutrix
424 945 587 1011 Phaedrae
606 946 712 1011 furore
731 945 882 1012 afflictata
899 948 1043 1032 queritur
1062 946 1174 1031 (Hipp.
1199 946 1262 1010 190
1282 947 1367 1031 sqq.)
1379 948 1483 1011 totam

286 1053 385 1118 vitam
405 1052 578 1117 humanam
598 1055 743 1118 acerbam
763 1075 829 1119 esse
849 1075 951 1138 neque
971 1052 1069 1118 ullam
1084 1074 1151 1117 esse
1162 1051 1302 1136 requiem
1313 1050 1482 1126 laborum

287 1181 345 1223 nos
376 1179 450 1222 vero
476 1163 608 1243 propter
630 1159 742 1223 mortis
765 1159 999 1243 ignorationem
1024 1159 1108 1222 hanc
1130 1159 1234 1222 lucem
1258 1157 1340 1223 male
1364 1179 1482 1223 amare.

285 1264 373 1329 Idem
398 1262 587 1348 exprimitur
607 1265 643 1329 in
667 1265 835 1330 Phoenicis
862 1265 901 1328 fr.
928 1266 1022 1350 (813)
1048 1269 1172 1329 servato
1195 1286 1214 1328 a
1236 1263 1373 1329 Stobaeo
1390 1263 1483 1348 (121,

288 1371 361 1457 12),
386 1371 441 1455 qui
460 1371 555 1436 etiam
579 1373 648 1457 (98,
664 1374 727 1458 ’34)
747 1373 826 1436 duos
845 1372 986 1437 senarios
1006 1394 1045 1436 ex
1064 1371 1205 1457 Antiope
1218 1371 1353 1448 rettulit,
1366 1371 1483 1455 quibus

286 1498 378 1542 nemo
409 1477 505 1542 finem
537 1479 691 1543 malorum
720 1479 837 1544 dicitur
862 1500 1046 1543 enumerare
1071 1499 1163 1564 posse
1187 1477 1240 1563 (fr.
1265 1479 1342 1562 210)
1359 1475 1395 1556 1).
1420 1475 1483 1542 Sed

284 1583 447 1650 rideamus
477 1583 516 1648 fr.
551 1584 616 1648 452
641 1607 658 1649 e
682 1584 880 1669 Cresphonte
905 1607 924 1648 a
948 1584 1057 1650 multis
1081 1588 1224 1648 veterum
1248 1584 1381 1648 citatum
1408 1585 1484 1647 eta

285 1687 444 1755 Cicerone¹
459 1689 575 1756 Latine
599 1711 744 1756 versum:

488 1797 582 1877 ἐχρῆν
605 1798 668 1877 γὰρ
692 1799 776 1875 ἡμᾶς
800 1797 953 1876 σύλλογον
976 1795 1170 1873 ποιουμένους

489 1902 540 1966 πθν
564 1904 671 1984 Φθντιι
696 1903 808 1982 θρηνεῖν
833 1905 875 1975 sic
899 1901 943 1968 ὄπ’
968 1902 1095 1984 ἔρχεται
1120 1904 1223 1981 κακθι,

488 2009 540 2074 πθν
564 2008 592 2073 δ’
619 2005 659 2074 αὗ
683 2009 813 2075 θανθντκ
838 2009 889 2074 καὶ
919 2010 1014 2075 πθνοιν
1043 2009 1242 2086 πεπαυμένον

485 2115 654 2197 χαίροντας
678 2118 897 2195 εὐφημοῦντας
922 2117 1095 2194 ἐκπέμπειν
1118 2115 1228 2190 itaut.

284 2224 317 2283 et
339 2220 377 2287 fr.
402 2222 464 2289 ino.
490 2223 554 2287 900
579 2226 740 2288 servatum
764 2245 783 2288 a
808 2223 907 2288 (llam.
933 2224 1024 2288 Alex.
1053 2222 1182 2308 (Strom.
1207 2222 1258 2287 III
1283 2222 1383 2307 520):

424 2331 458 2393 πθ
483 2331 527 2406 μ)
551 2331 694 2408 γενέσθαι
719 2338 853 2410 κρεῖσσον
877 2330 894 2404 θ
919 2333 1017 2409 φῦναι
1040 2330 1162 2409 βροτοῖς
1187 2353 1216 2394 κ.
1230 2327 1342 2413 πεῖ).

332 2433 416 2500 Sunt
444 2436 522 2500 haec
553 2436 696 2520 profecto
719 2437 834 2502 acerba
858 2437 897 2500 de
920 2436 986 2501 vita
1009 2436 1151 2500 humana
1173 2435 1311 2520 jodicia;
1336 2434 1390 2499 sed
1414 2435 1481 2500 for-

285 2545 368 2606 tasse
391 2541 471 2605 mihi
489 2542 607 2608 obicias
626 2543 787 2607 contraria
807 2563 933 2628 quoque
952 2542 993 2606 ab
1011 2563 1048 2606 eo
1062 2541 1233 2606 enuntiari.
1247 2539 1383 2605 Alcestis
1395 2541 1482 2606 enim

287 2647 332 2711 ait
355 2647 466 2733 (30l):
571 2655 677 2729 ψυχῆς
703 2649 767 2728 γὰρ
792 2647 874 2713 οὐδέν
902 2649 968 2713 ἐστι
992 2647 1180 2726 τιμιώτερον.

285 2753 478 2836 quinetiam
502 2753 689 2839 Iphigenia,
718 2757 888 2838 postquam
912 2755 1050 2838 primum
1075 2753 1232 2838 comperit
1257 2753 1318 2818 sibi
1340 2753 1482 2818 morien·

286 2858 361 2921 dum
381 2879 466 2936 esse,
489 2857 645 2922 exclamat
667 2858 752 2944 (Iph.
777 2858 852 2923 Aul.
879 2860 997 2942 1250„

510 2963 546 3027 πθ
569 2969 636 3046 Φῶς
660 2964 724 3029 πόδ’
748 2965 942 3046 οὶνθρθιποιειν
966 2963 1084 3040 ἥδιστον
1107 2965 1258 3044 βλέπειν,

514 3072 556 3136 τὰ
580 3070 660 3150 νέρθε
686 3071 712 3136 δ’
737 3071 834 3138 οὐθέν·
859 3071 1010 3149 tatanus
1036 3071 1061 3135 δ’
1086 3066 1116 3144 tr
1142 3071 1274 3151 εὔχεται

512 3179 632 3242 θανεῖν·
656 3183 757 3250 κακῶς
783 3177 835 3258 ζῆν
859 3187 997 3257 κρεῖσσον
1022 3178 1039 3248 θ
1065 3184 1167 3249 καλῶς
1192 3179 1289 3242 θανεῖν
1305 3179 1342 3264 ⁸).

341 3282 447 3359 Quid?
476 3283 566 3350 Haec
596 3305 705 3349 nonne
736 3287 912 3370 pugnant?
947 3305 1057 3349 nonus
1088 3304 1173 3348 nova
1195 3289 1272 3348 sunt
1293 3284 1482 3350 inconstan-

284 3389 347 3454 tiae
377 3388 566 3474 Euripideae
597 3390 805 3455 testimonia?
829 3391 962 3458 Minime
986 3391 1142 3476 gentium.
1167 3389 1252 3456 Nam
1276 3391 1383 3456 tristes
1405 3391 1480 3457 illae

285 3495 461 3560 sententiae
496 3498 531 3561 in
562 3496 734 3581 tragoediis
765 3497 1009 3580 superstitibus,
1044 3534 1083 3544 -
1116 3499 1200 3561 unde
1230 3498 1269 3560 de
1291 3496 1481 3582 fragmentis

284 3602 368 3668 idem
393 3603 467 3668 licet
487 3602 642 3688 conjicere
668 3640 709 3652 -
733 3601 980 3687 proferebantur
1002 3604 1043 3667 ab
1063 3602 1249 3668 hominibus
1271 3607 1327 3667 aut
1349 3603 1480 3669 alterius

285 3713 342 3772 aut
371 3710 449 3773 suis
467 3709 598 3774 miseriis
629 3706 771 3791 afflictis,
797 3730 878 3794 quae
900 3710 1029 3793 quidem
1053 3713 1162 3774 tantae
1187 3714 1293 3774 esseut
1316 3712 1354 3773 ut
1377 3712 1480 3774 morte

285 3815 446 3899 graviores
481 3815 663 3882 riderentur
698 3818 747 3881 vel
777 3819 880 3880 morte
910 3814 977 3880 sola
1011 3816 1111 3880 levari
1140 3818 1289 3901 possent3
1320 3815 1379 3879 hae
1402 3837 1477 3880 vero

283 3920 393 3986 laudes
415 3922 558 4006 insignes
580 3923 806 4007 praedicantur
830 3923 871 3987 ab
894 3921 933 3986 iis
957 3922 1071 4008 quibus
1095 3928 1174 3986 tunc
1197 3943 1281 3986 mors
1298 3921 1370 4005 ipsa
1388 3943 1477 3986 surn-

284 4050 371 4091 mum
396 4031 465 4093 erat
487 4029 616 4094 malum.
641 4028 732 4095 Nihil
756 4028 920 4113 pulchrius
939 4031 989 4093 est
1006 4031 1039 4093 et
1059 4028 1160 4093 verius
1178 4050 1274 4112 quam
1287 4027 1374 4112 quod
1385 4027 1477 4111 virgo

318 4249 342 4310 1)
359 4249 395 4298 (tf.
413 4252 536 4314 practerea
554 4250 621 4300 Aeol.
639 4250 669 4300 fr.
689 4251 737 4312 at,
754 4250 853 4314 Antiop.
871 4251 902 4302 o.
918 4251 981 4310 208,
998 4251 1028 4302 fr.
1046 4251 1091 4300 inc.
1111 4251 1168 4309 008,
1186 4249 1242 4302 stt.

315 4332 343 4394 2)
362 4332 397 4380 Da
409 4331 474 4380 dioto
491 4331 649 4382 nobilissimo:
670 4332 711 4388 πίε
730 4325 792 4380 οῖθεν
811 4329 833 4380 εῖ
851 4332 881 4380 πθ
900 4330 945 4396 ζῆν
963 4329 1009 4393 μέν
1027 4329 1084 4381 ior-r
1103 4329 1231 4380 κατθανεῖν
1247 4348 1268 4379 κ.
1279 4347 1303 4379 π.
1314 4341 1337 4379 a.
1352 4345 1421 4396 agam
1437 4330 1478 4381 uhi

282 4415 310 4463 da
328 4415 406 4463 morte
423 4413 470 4463 erit
486 4429 564 4465 sermo
581 4414 649 4466 Part.
669 4415 697 4464 V.

314 4499 341 4561 t)
360 4495 396 4544 Ol.
415 4496 470 4545 Tro.
489 4497 550 4548 682:
594 4493 622 4546 ot
640 4493 749 4554 ratris,
768 4491 786 4546 ὅ
804 4499 864 4555 παῖ,
882 4502 918 4561 τῷ
936 4494 1039 4560 βλέπειν
1056 4498 1086 4547 πθ
1104 4495 1251 4547 κατθανεῖν·

597 4579 628 4628 πθ
644 4578 689 4639 μέν
706 4579 755 4640 γθερ
773 4576 856 4635 εθθθν,
874 4583 909 4640 τῷ
929 4576 952 4628 θ’
969 4577 1057 4628 ’ένειοιν
1077 4575 1185 4635 taratra.
