3422 5362
785 485 850 550 173

450 664 501 729 διὰ
524 663 551 730 δ’
574 663 686 744 ἔκριναν
709 666 731 731 ri
755 665 874 741 δόκησις
898 666 1038 746 βροτούς.

446 768 519 836 taso
544 772 599 858 (δ’)
622 771 703 838 οὐδὲν
727 771 864 852 ἔχομεν·
888 773 950 851 μία
973 772 1005 838 u
1022 774 1100 851 γοναὶ

447 875 484 942 τά
503 877 533 943 τ’
557 878 679 956 εὐγενὲς
703 880 756 943 roel
782 880 816 943 τὸ
840 877 1002 957 δυσγενές,

219 1005 355 1068 quorum
377 982 545 1048 verborum
568 984 713 1068 quamvis
736 986 893 1071 scriptura
916 989 1066 1071 corrupta
1089 986 1141 1067 sit,
1165 990 1272 1051 tamen
1296 987 1411 1071 planus

219 1093 252 1154 et
274 1089 459 1174 perspicuus
479 1094 529 1155 est
548 1111 675 1156 sensus:
699 1094 816 1155 terram
836 1112 947 1156 omues
967 1091 1114 1157 homines
1135 1093 1282 1176 genuisse
1301 1114 1410 1177 pares;

219 1216 335 1279 eosque
365 1198 476 1280 postea
508 1195 660 1262 discretos
691 1218 773 1273 esse,
800 1197 883 1261 nihil
907 1219 980 1262 vero
1005 1197 1066 1262 sibi
1089 1198 1254 1283 proprium
1277 1198 1410 1276 habere,

219 1323 381 1386 unumque
404 1321 505 1384 genus
523 1323 590 1366 esse
614 1301 715 1366 nobili
739 1307 771 1367 et
795 1302 910 1367 humili
932 1303 1002 1368 loco
1027 1307 1125 1368 ortos.
1149 1302 1209 1369 Oui
1233 1306 1411 1370 sententiae

217 1407 330 1472 doctae
353 1409 385 1471 et
396 1407 575 1491 praeclarae
597 1412 782 1491 congruunt
804 1408 899 1472 multi
919 1409 998 1486 loci,
1012 1431 1031 1472 a
1043 1407 1180 1474 Stohaeo
1192 1413 1302 1474 eodem
1315 1411 1410 1476 titulo

218 1532 282 1598 quo
301 1511 381 1576 illud
400 1511 439 1576 fr.
461 1513 579 1576 servati
595 1514 667 1599 (86)
678 1561 686 1590 ,
698 1515 906 1580 testificantes
917 1515 1017 1580 fortes
1030 1518 1157 1580 tantum
1170 1518 1204 1580 et
1213 1517 1331 1600 probos
1344 1539 1411 1582 esse

220 1617 356 1696 nobiles,
378 1618 500 1683 nullam
519 1640 594 1684 vero
618 1619 652 1684 in
666 1620 758 1684 malis
766 1624 800 1684 et
811 1621 938 1705 ignavis
950 1643 1016 1685 esse
1028 1621 1231 1685 nobilitatem
1247 1619 1284 1706 1).
1298 1621 1411 1707 Itaque

219 1723 345 1790 Orestes
364 1723 397 1788 in
418 1723 547 1789 Electra
569 1725 649 1810 (383
667 1730 750 1810 sqq.)
771 1728 902 1810 cognita
921 1727 1029 1791 indole
1047 1726 1225 1811 agricolae,
1239 1727 1346 1792 mariti
1357 1749 1410 1792 so·

219 1829 316 1906 roris,
341 1829 458 1895 stultos
476 1833 571 1896 vocat
588 1831 643 1917 qni
662 1832 754 1896 vanis
766 1833 971 1917 opinionibus
982 1835 1036 1916 (sc.
1056 1832 1095 1896 ds
1107 1833 1221 1917 opibus
1234 1837 1267 1898 et
1278 1835 1409 1920 genere)

218 1933 325 2000 referti
349 1957 414 2001 non
438 1933 507 2000 sola
529 1937 760 2002 consuetudine
783 1943 816 2001 et
838 1937 978 2002 moribus
996 1937 1142 2002 homines
1161 1939 1318 2022 judicent.

263 2039 384 2106 Eodem
404 2042 470 2107 fere
491 2043 605 2108 recidit
626 2045 714 2127 qnod
736 2042 852 2108 liberos
872 2045 997 2128 spurios
1017 2045 1111 2109 variis
1128 2045 1222 2129 locis,
1243 2045 1410 2111 aStobaeo

218 2146 269 2213 tit.
303 2148 344 2212 77
376 2148 533 2226 collectis,
566 2149 696 2214 nomine
727 2151 855 2215 tantum
877 2171 944 2215 non
967 2151 1085 2215 virtute
1108 2150 1150 2215 ab
1172 2151 1322 2234 ingenuis
1346 2151 1410 2216 dif-

218 2252 315 2330 ferre,
339 2253 511 2340 aliquando
535 2255 630 2319 etiam
654 2276 708 2321 eos
728 2278 878 2340 superare
900 2257 989 2321 dixit.

262 2465 344 2542 Quid
367 2469 473 2531 autem
497 2467 612 2551 tragici
635 2469 738 2533 nostri
761 2469 947 2552 aequalibus
969 2471 1009 2534 de
1031 2469 1081 2534 his
1104 2468 1198 2534 rebus
1217 2469 1320 2534 risum
1339 2472 1412 2534 est?

217 2571 353 2657 Magnas
382 2593 458 2656 opes
481 2573 521 2636 ad
545 2574 731 2638 beatitatem
756 2597 868 2658 parum
892 2575 997 2640 valere
1020 2597 1077 2640 nec
1100 2579 1267 2659 tantopere
1291 2595 1412 2640 concn-

215 2679 348 2763 piendas
367 2700 450 2764 esse,
476 2680 675 2765 divitumque
687 2681 812 2746 animos
823 2703 916 2766 saepe
928 2682 1025 2766 longe
1037 2680 1122 2744 infra
1136 2680 1291 2745 bonorum
1303 2679 1409 2765 splen-

216 2788 325 2850 dorem
345 2807 472 2851 manere
494 2786 673 2871 complures
698 2787 845 2852 viderant
862 2786 974 2871 (Solon
994 2809 1052 2882 ap..
1070 2785 1200 2861 Herod..
1221 2785 1410 2851 Timocreon

216 2891 280 2957 vid.
292 2891 409 2975 Bergk.
422 2894 507 2976 poet.
522 2894 593 2975 lyr„
606 2891 769 2977 Theognis
789 2896 821 2958 et
841 2892 1041 2958 Democritus
1053 2915 1104 2978 ap.
1117 2892 1207 2960 Stob.
1221 2893 1289 2978 97).
1303 2891 1412 2958 Nemi-

217 3017 290 3060 nem
313 3017 388 3061 vero
411 3001 486 3061 ante
505 2996 691 3082 Euripidem
714 2999 843 3064 invenio
866 3000 922 3083 qui
940 3004 1007 3063 tam
1030 2998 1215 3083 frequenter
1236 2999 1288 3063 riv
1314 3005 1411 3063 πλοῦ-

217 3127 266 3166 τον
291 3103 407 3168 diserte
427 3104 633 3188 vituperant,
653 3108 720 3168 tam
741 3105 836 3168 variis
856 3105 1043 3169 criminibus
1063 3105 1214 3169 obruerit.
1240 3105 1317 3169 Post
1339 3127 1411 3170 eum

216 3211 320 3274 autem
343 3209 465 3294 primus
484 3207 719 3294 Aristophanes
738 3211 862 3274 easdem
876 3210 1092 3275 accusationes
1103 3209 1284 3295 protulitin
1297 3209 1410 3288 Pluto,

215 3315 380 3399 multoque
398 3315 572 3400 copiosius,
598 3322 634 3379 nt
657 3337 715 3399 par
737 3320 802 3392 est,
828 3316 973 3401 exposuit
997 3323 1040 3398 (v.
1055 3316 1257 3402 507-594).

259 3418 350 3496 Quod
371 3422 489 3486 attinet
507 3423 548 3484 ad
570 3421 787 3504 quaestionem
811 3423 850 3487 de
873 3422 1006 3486 diversis
1018 3422 1135 3487 civium
1147 3422 1329 3500 ordinibus,
1342 3423 1412 3507 ipsa

215 3523 348 3591 historia
378 3526 571 3611 reipublicae
603 3526 847 3592 Atheniensium
875 3531 1067 3594 documento
1091 3533 1140 3591 est
1163 3529 1247 3612 apud
1271 3549 1325 3593 eos
1349 3550 1410 3594 no·

215 3631 372 3697 bilitatem
413 3653 543 3716 parvam
579 3630 727 3697 habuisse
761 3635 1000 3709 anctoritatem
1035 3635 1090 3698 sed
1126 3636 1211 3719 quod
1242 3633 1412 3719 populares

215 3737 376 3803 nobilibus
407 3739 497 3824 quasi
530 3759 638 3804 servos
669 3738 754 3803 dicto
785 3739 949 3804 audientes
979 3761 1046 3804 esse
1075 3739 1265 3818 noluerunt,
1287 3740 1321 3804 id
1344 3763 1411 3806 non

214 3843 357 3908 ostendit
380 3866 432 3910 eos
455 3865 488 3910 se
511 3844 561 3908 his
585 3845 719 3909 omniuo
743 3866 834 3929 pares
857 3845 1024 3910 censuisse.

259 3949 290 4014 Δ
315 3952 478 4016 nonnullis
501 3953 608 4016 antem
624 3951 837 4036 scriptoribus
856 3949 1010 4036 Euripide
1029 3953 1243 4038 superioribus
1260 3955 1328 4038 jam
1350 3955 1410 4020 ob·

217 4059 377 4120 serratum
394 4060 462 4121 erat
481 4057 605 4141 ingenii
625 4057 714 4121 dotes
726 4057 827 4122 nobili
838 4059 911 4122 ortu
931 4059 1032 4123 multo
1047 4059 1186 4143 potiores
1200 4080 1268 4124 esse
1283 4057 1411 4145 (Demo-

217 4162 315 4228 critus
333 4184 384 4248 ap.
405 4161 494 4228 Stob.
517 4164 579 4242 86,
601 4164 653 4230 18.
670 4161 882 4248 Epicharmus
899 4162 977 4228 ibid.
1004 4165 1067 4242 90,
1095 4166 1149 4252 18)
1164 4166 1199 4251 ²).
1214 4165 1335 4232 Verum
1347 4165 1412 4232 illis

249 4369 277 4432 1)
295 4368 384 4419 Melan.
403 4369 433 4420 lr.
452 4369 510 4428 ele,
531 4369 592 4419 Dict.
611 4369 641 4420 h.
660 4371 718 4430 845,
737 4371 794 4434 Aeg.
811 4368 842 4419 lr.
861 4370 884 4428 9,
903 4369 971 4420 Alex.
990 4370 1021 4420 ln.
1041 4371 1086 4430 ts,
1104 4371 1135 4422 cl.
1154 4386 1191 4436 pg.
1212 4371 1268 4422 luo.

248 4451 277 4516 8)
294 4451 360 4516 Quin
376 4453 450 4502 etiem
467 4468 480 4502 e
496 4451 622 4518 Sophoclis
638 4452 713 4502 Tereo
730 4452 792 4516 apud
810 4450 876 4500 stou.
895 4452 946 4512 (86.
966 4453 1011 4519 la)
1030 4453 1190 4518 lngmsntnm
1207 4453 1315 4521 (clsap.
1327 4455 1411 4521 uisu.)

217 4535 293 4582 metet
309 4535 452 4584 autentim
469 4534 607 4594 contiueat,
626 4550 687 4600 qnae
702 4533 788 4584 similia
804 4533 900 4584 ridetur
914 4534 1094 4585 enuntianti
1104 4535 1411 4602 Euripideaedeoommuni

217 4615 323 4666 omniurn
342 4616 464 4668 hominnm
482 4616 586 4682 origine,
603 4632 676 4684 snpra
692 4617 814 4668 lanistae:
