3408 5360
239 653 365 720 Minime
384 654 491 716 umen
512 672 562 715 me
582 650 666 735 fugit
686 655 807 734 quanto
825 651 896 735 jure
913 647 1377 736 reprehendaturprologorum

189 760 355 846 jejunitas,
390 757 633 822 innumerabilis
665 757 836 821 multitudo
867 758 1115 834 sententiarum,
1147 757 1379 843 disputationes

194 867 232 932 de
261 887 363 932 rerum
392 869 524 949 natura,
547 885 628 948 quae
651 864 754 928 alieno
778 867 921 948 tempore
945 867 977 928 et
999 863 1039 928 ab
1063 861 1175 928 alienis
1197 864 1339 948 personis
1355 865 1380 949 ¹)

191 995 284 1058 saepe
305 971 531 1057 pronuntiatae
553 970 680 1035 veritati
703 972 838 1046 nocent3
862 991 966 1035 rerum
991 970 1090 1034 nimia
1112 971 1204 1055 copia
1224 971 1260 1034 in
1281 991 1378 1034 uuam

192 1077 331 1144 fabulam
361 1081 530 1162 congesta;
557 1078 686 1140 deorum
710 1079 817 1160 partes
840 1076 934 1140 nimis
956 1098 1049 1161 saepe
1072 1077 1111 1140 ad
1136 1076 1256 1140 nodum
1280 1075 1378 1140 disse-

192 1185 326 1250 caudum
346 1185 453 1269 potius
473 1205 569 1268 quam
588 1182 772 1248 solvendum
794 1183 973 1261 adhibitae,
986 1184 1101 1268 quibus
1113 1187 1220 1249 tamen
1234 1181 1380 1266 Euripidi

191 1291 345 1376 imprimis
369 1291 610 1374 temperandum
632 1288 754 1364 fuerat3
768 1287 794 1373 ²)
814 1289 1080 1354 declamationum
1101 1290 1329 1355 rheto1iearum
1349 1290 1383 1352 et

192 1398 286 1461 etiam
320 1395 426 1461 litium
457 1395 631 1460 forensium
662 1395 803 1459 studium
837 1395 1004 1460 molestum
1038 1400 1070 1460 et
1093 1396 1176 1460 male
1198 1395 1382 1471 abundans,

192 1504 285 1568 matri
315 1503 438 1570 incuria
469 1502 622 1586 gliscens,
653 1501 742 1568 chori
766 1501 902 1584 denique
925 1507 1030 1587 partes
1053 1502 1183 1568 inutiles
1208 1505 1242 1567 et
1264 1523 1284 1566 a
1306 1522 1381 1586 pro-

193 1611 296 1696 posito
320 1609 452 1676 ahenea.

236 1715 464 1782 Verumtamen
486 1716 557 1780 aliis
580 1714 673 1780 rebus
695 1715 780 1780 inter
807 1716 926 1800 primos
951 1715 1087 1780 excellit.
1120 1715 1227 1780 Etiam
1248 1713 1380 1779 severis·

191 1822 264 1886 simi
282 1822 403 1906 judiees
422 1824 602 1888 concedunt
620 1843 692 1885 eum
711 1821 745 1884 iu
765 1821 935 1906 pingendis
956 1821 1056 1886 animi
1068 1820 1382 1906 perturbationibus,

191 1949 315 2003 amore,
349 1927 473 2004 furore,
508 1927 646 2004 invidia,
681 1927 755 1991 odio
791 1927 966 2010 novercali,
992 1927 1165 1993 ulciscendi
1189 1926 1382 2012 cupiditate,

192 2034 248 2098 sed
281 2034 377 2099 etiam
410 2033 637 2118 placidioribus
660 2033 826 2099 effectibus
851 2033 939 2098 velut
962 2055 1070 2099 amore
1093 2033 1276 2119 conjugali,
1300 2033 1381 2098 ami·

193 2139 269 2204 citis
298 2143 366 2222 etc,
397 2141 495 2224 inque
525 2139 727 2205 miseratione
753 2140 922 2204 excitanda
954 2140 1260 2225 praestantissimum
1297 2162 1381 2224 esse,

193 2247 288 2332 idque
311 2268 347 2310 eo
373 2248 491 2312 maiore
513 2247 606 2310 laude
630 2247 764 2332 dignum
788 2251 851 2322 est,
876 2248 961 2331 quod
986 2248 1143 2311 neminem
1168 2250 1292 2312 secutus
1314 2246 1382 2330 ipse

194 2353 341 2418 omnibus
373 2352 598 2438 posterioribus
628 2351 663 2416 in
693 2352 780 2417 hisce
810 2351 985 2416 imitandus
1015 2352 1095 2429 fuit,
1124 2353 1306 2437 primusque
1329 2372 1379 2416 re-

194 2459 408 2545 praesentavit
429 2459 595 2522 hominum
615 2459 771 2523 rationem
791 2480 862 2525 cum
876 2458 1055 2536 affectibus,
1068 2458 1294 2524 conscientiam
1306 2478 1379 2521 cum

193 2566 410 2650 voluptatibus
430 2569 639 2649 pugnantem.
659 2563 771 2649 Neque
790 2564 825 2629 iu
844 2564 983 2629 moribus
1004 2565 1172 2629 mulierum
1184 2564 1381 2629 illustrandis

194 2693 385 2758 quemquam
408 2671 470 2736 sibi
492 2669 605 2735 habuit
629 2692 747 2756 parem.

238 2777 341 2843 Huius
373 2799 438 2843 non
469 2781 517 2842 est
546 2777 608 2842 loci
638 2777 747 2842 omnia
769 2799 849 2862 quae
874 2780 914 2842 ad
938 2778 1004 2842 eius
1028 2777 1105 2842 artis
1127 2777 1284 2843 rationem
1309 2798 1381 2861 per·

192 2883 297 2948 tinent
315 2905 476 2948 recensere
495 2887 527 2948 et
549 2903 647 2966 usque
667 2885 707 2946 ad
727 2882 861 2948 leviores
880 2905 930 2948 res
942 2885 1097 2968 persequi.
1112 2883 1241 2949 Monere
1253 2885 1381 2948 tantum

193 2990 279 3054 volui
303 3012 343 3054 ne
366 2989 436 3074 quis
459 3011 496 3053 ca
519 2992 559 3053 ad
582 2989 735 3073 autiquae
758 2989 939 3072 tragoediae
962 2989 1088 3074 regulas
1109 2988 1297 3074 singillatim
1315 2987 1381 3051 exi·

194 3100 298 3180 geret,
333 3117 411 3160 neve
445 3094 684 3160 oblivisceretur
720 3097 890 3178 utrumque
921 3116 1001 3179 opus
1025 3095 1066 3159 ad
1086 3095 1211 3160 diversa
1233 3095 1379 3178 tendere,

195 3223 295 3287 neqm
317 3202 435 3266 idcireo
456 3200 596 3266 rationes
618 3200 763 3284 proprias
785 3200 870 3264 inter
893 3222 926 3266 se
948 3201 1124 3286 comparari
1148 3222 1249 3286 posse.

239 3307 342 3386 Nam,
369 3310 406 3372 ut
426 3311 506 3372 teste
528 3304 678 3372 Cicerone
702 3304 847 3372 Socrates
870 3305 1121 3392 philosophiam,
1146 3307 1191 3370 sic
1212 3305 1381 3392 Rumpides

197 3415 389 3498 tragoediam
411 3413 449 3476 de
472 3413 560 3478 coelo
583 3413 745 3477 revocavit
767 3416 800 3476 et
818 3412 854 3476 in
873 3412 1039 3478 homiuum
1060 3413 1175 3478 animis
1195 3413 1382 3490 collocasit;

198 3540 260 3604 quo
289 3518 327 3584 fit
350 3523 385 3584 ut
408 3540 473 3583 non
498 3519 634 3604 amplius
656 3519 765 3583 omnia
789 3541 853 3584 uno
876 3523 986 3585 tenore
1009 3519 1144 3604 grandia
1167 3520 1233 3583 sint
1256 3521 1309 3584 sod
1332 3541 1382 3584 re·

198 3626 339 3692 missiora
361 3626 533 3711 aliquando
555 3625 715 3710 excipiant
738 3625 919 3709 magnilica.
942 3625 1095 3691 Homines
1114 3626 1220 3710 pinxit
1239 3620 1292 3689 cies
1304 3627 1363 3690 elui
1374 3671 1382 3702 ,

198 3753 239 3796 sc.
271 3754 337 3798 uou
368 3733 478 3817 utique
513 3735 696 3796 constantes
721 3738 753 3795 et
776 3732 816 3796 ad
840 3733 1019 3796 universam
1043 3733 1176 3816 speciem
1201 3754 1382 3818 expressos,

201 3911 293 3919 ——
299 3913 381 3920 ..-.......

231 4021 258 4084 l)
276 4019 398 4070 Neuekius
419 4020 479 4070 mihi
504 4019 579 4070 nimio
596 4018 703 4070 seumiue
720 4018 791 4068 buius
811 4019 846 4068 rei
863 4017 980 4066 rationem
997 4018 1085 4081 lingere
1102 4015 1196 4066 videtur
1215 4014 1253 4064 nbi
1270 4015 1329 4064 dicit
1345 4015 1383 4080 (in

197 4103 232 4152 ed
255 4101 371 4152 Teubner.
395 4102 451 4152 Vol·
476 4103 486 4152 l
509 4118 547 4167 pg.
571 4103 649 4167 XXX)
675 4116 748 4166 squse
765 4099 994 4165 (philosophemste)
1011 4115 1058 4164 quo
1075 4097 1168 4147 lucilius
1182 4097 1207 4147 in
1224 4101 1384 4162 speotstornue

197 4184 288 4234 suimus
304 4199 329 4232 se
344 4184 505 4243 insinuarent,
524 4183 554 4232 iis
571 4183 720 4250 potissimum
734 4180 939 4246 personistribote
949 4178 1295 4244 vidsmmquesultrssnlgus
1303 4195 1384 4246 sapere

197 4283 244 4316 son
260 4269 322 4316 suet
341 4265 486 4332 probabile''.

229 4349 258 4412 2)
277 4350 312 4396 De
328 4363 375 4412 qus
392 4362 417 4397 re
434 4348 488 4398 side
504 4347 626 4398 verissima
642 4347 705 4410 spud
722 4345 891 4395 Ieeuwenium
909 4361 948 4410 pg.
967 4345 999 4394 29
1017 4348 1041 4394 et
1059 4345 1090 4392 82
1104 4359 1155 4407 sqq.
1174 4341 1210 4390 Ab
1225 4343 1384 4410 Aristophsne

195 4435 276 4480 tenses
301 4429 346 4480 hoe
369 4429 391 4478 ei
416 4429 511 4478 crimini
537 4445 584 4480 nou
610 4429 688 4478 detur.
713 4431 833 4476 Socratem
857 4426 1007 4476 Platonicum
1030 4425 1134 4490 primum
1152 4423 1247 4473 invenio
1267 4424 1384 4474 ridentem

195 4511 299 4576 (Csstyl.
325 4527 364 4578 pg.
382 4513 431 4564 425
450 4513 483 4576 D)
510 4519 589 4576 poetes
614 4511 729 4574 tragicos,
757 4507 808 4564 set,
825 4505 924 4558 ὒπειδᾶν
939 4525 964 4556 τι
987 4506 1122 4568 ἀπορῶσιν,
1140 4501 1182 4554 ini
1199 4505 1248 4564 ‘rte
1266 4507 1384 4570 μηχανὰς

195 4589 386 4656 mnqebysees
404 4593 472 4650 θεοὺς
489 4591 622 4654 diposssr.''

1249 4688 1263 4734 8
