3408 5360
893 453 935 517 48

321 637 442 721 placuit
452 633 700 712 Aneirimandro,
714 635 904 716 Parmenidi,
919 633 1055 717 Diogeni
1067 632 1302 717 Apolloniatae,
1316 631 1505 706 Democrito,

320 743 516 828 Empedocli.
537 741 744 825 Anaxagoras
765 741 803 804 de
824 740 964 804 omnium
979 739 1188 803 animantium
1205 738 1410 822 generatione
1420 737 1506 802 varie

321 849 502 914 disseruisse
525 847 666 930 videtur,
692 851 728 911 ut
752 847 913 932 colligitur
936 867 953 910 e
976 844 1166 909 testimoniis
1191 849 1342 909 veterum.
1363 844 1455 920 Quod
1468 846 1506 909 ad

321 955 448 1041 plantas
473 953 599 1030 attinet,
623 953 707 1037 apud
733 952 986 1037 Theophrastum
1011 951 1108 1036 (Hist.
1128 951 1234 1016 Plant.
1260 951 1321 1032 ΙΙΙ,
1338 952 1371 1035 l)
1391 951 1508 1036 legitur

322 1061 537 1140 Ἀναξαγόρας
573 1060 628 1136 μὲν
660 1059 710 1122 τὸν
736 1059 811 1136 alpe
834 1058 957 1123 πόντων
980 1057 1110 1137 Φότκων
1136 1055 1219 1137 ἔχειν
1243 1057 1430 1136 σπέρματα·
1456 1057 1506 1121 καὶ

322 1173 426 1232 ταῦτα
451 1165 755 1245 σνγκαταΦερόριενα
780 1189 821 1244 τῳ
846 1162 934 1230 ὕδατι
958 1169 1069 1248 γεννᾷν
1096 1165 1135 1226 τόν
1157 1162 1245 1240 <Darei
1262 1165 1295 1248 ¹).
1321 1163 1367 1228 De
1385 1164 1507 1228 auima-

322 1275 400 1339 lium
431 1272 634 1358 generatione
666 1270 759 1355 Diog.
784 1271 820 1335 L.
846 1271 902 1356 (II,
930 1273 959 1336 3.
987 1271 1020 1355 9)
1044 1292 1115 1335 eum
1139 1270 1281 1334 docuisse
1306 1269 1420 1334 refert:
1444 1268 1506 1350 ζῷα

323 1380 464 1458 γόνεσόαι
490 1377 524 1453 ἐξ
545 1379 635 1456 ὑγροῦ
661 1377 712 1440 καὶ
732 1380 838 1456 θερμοῦ
862 1377 913 1441 καὶ
940 1376 1087 1453 γεώδους,
1111 1375 1282 1455 ὕστερονδὲ
1307 1375 1341 1452 ἐξ
1354 1375 1505 1450 αλλήλων.

322 1485 457 1550 Brevius
479 1483 631 1568 Origenes
654 1482 767 1567 philos.
793 1482 854 1565 (ed.
880 1481 1062 1566 Oxonqu.
1093 1483 1165 1567 15):
1195 1482 1259 1563 ζῷα
1287 1482 1318 1546 δὲ
1338 1483 1391 1556 τὴν
1410 1483 1507 1563 ἀρχὴν

325 1595 354 1656 ἐν
380 1592 459 1670 ὑγρῷ
482 1591 634 1672 γένεσόαι,
657 1590 742 1666 μετὰ
767 1594 871 1653 ταῦτα
897 1589 927 1652 δὲ
953 1587 986 1666 ἐξ
1009 1591 1164 1662 αλλήλων.
1204 1588 1308 1653 Parvo
1331 1588 1509 1653 discrimine

324 1699 473 1762 irenaeus
496 1695 580 1780 (adv.
604 1695 714 1761 Heret.
734 1694 777 1759 ΙΙ.
801 1695 873 1780 14);
895 1694 1125 1778 »Anaxagoras
1145 1697 1261 1771 autem,
1281 1694 1337 1778 qui
1356 1698 1388 1758 et
1400 1694 1509 1760 atheus

325 1801 568 1886 cognominatus
599 1803 663 1876 est,
696 1800 923 1884 dogmatizavit
954 1800 1040 1864 facta
1061 1801 1229 1878 animalia,
1254 1800 1469 1865 decidentibus
1494 1824 1509 1866 e

326 1909 412 1974 coelo
440 1908 474 1971 in
498 1909 614 1970 terrmn
638 1906 844 1971 seminibus'’.
867 1905 938 1970 Nisi
962 1905 1109 1970 Irenaeus
1132 1906 1294 1991 putandus
1318 1907 1359 1971 sit
1382 1929 1438 1991 per
1461 1929 1509 1972 er·

326 2035 428 2078 rorem
451 2015 491 2076 ad
516 2011 666 2076 animalia
686 2012 845 2076 rettulisse
864 2012 949 2096 quod
969 2012 1007 2076 de
1026 2011 1145 2096 plantis
1165 2012 1286 2076 dictum
1306 2016 1387 2076 esset
1399 2022 1509 2098 (quum

326 2121 392 2185 eius
414 2118 511 2184 verba
533 2118 616 2182 idem
641 2139 739 2202 prope
763 2118 943 2202 exprimant
966 2120 1051 2202 quod
1075 2116 1287 2203 Theophrasti
1309 2118 1397 2182 locus
1416 2140 1511 2203 supra

326 2225 496 2309 laudatus),
521 2224 736 2309 quaerendum
760 2227 809 2288 est
832 2246 907 2287 num
932 2228 1054 2307 pugnet
1077 2245 1147 2289 curn
1168 2223 1350 2289 auctoribus
1370 2225 1510 2309 superio·

327 2331 423 2397 ribus.
447 2329 633 2396 Schaubach
656 2331 723 2415 (pg.
751 2332 828 2415 182)
850 2352 920 2395 eum
941 2352 1012 2394 cum
1031 2329 1096 2394 illis
1116 2330 1270 2416 conjungi
1280 2351 1372 2415 posse
1384 2335 1511 2415 censet3

327 2438 449 2503 »solere
469 2437 556 2502 'enim
580 2437 710 2501 seriores
733 2458 771 2501 ex
795 2437 998 2522 opinionibus
1022 2441 1162 2501 veterum
1185 2436 1271 2501 haud
1295 2438 1371 2502 satis
1389 2437 1511 2522 perspi-

327 2567 384 2611 cue
401 2543 574 2610 enuntiatis
586 2546 736 2628 dogmata
747 2543 927 2627 effingere”.
941 2542 1061 2608 Eodem
1074 2543 1206 2608 fortasse
1217 2547 1350 2608 redeunt
1362 2543 1514 2628 Diogenis

327 2656 359 2717 et
383 2651 506 2716 Irenaei
527 2651 711 2733 sententiae,
738 2650 765 2714 si
788 2648 822 2712 τό
847 2649 951 2729 θερμὸν
976 2651 1061 2732 quod
1088 2649 1141 2713 ille
1163 2649 1259 2714 refert
1277 2651 1399 2716 aethera
1412 2650 1513 2734 signi·

327 2757 421 2822 ficare
452 2755 621 2821 statuimus
635 2755 681 2838 Ι),
706 2758 738 2820 et
757 2755 802 2819 sic
821 2755 920 2838 igitur
943 2753 1136 2838 explicamus
1156 2755 1253 2818 rerba
1275 2755 1332 2831 »ἐξ
1356 2756 1446 2835 ὑγροῦ
1460 2757 1513 2819 καὶ

327 2865 434 2943 θερμοῦ
459 2863 509 2925 καὶ
534 2860 697 2938 γεόδανς”,
722 2864 757 2924 ut
781 2861 814 2924 ἐκ
839 2865 891 2924 τοῦ
916 2861 1040 2940 θερμοῦ,
1053 2859 1074 2923 i.
1088 2881 1114 2924 e.
1129 2860 1270 2946 aethere,
1285 2863 1319 2926 τὸ
1334 2861 1473 2945 ὑγρὸν,ἰ.
1486 2883 1513 2926 e.

328 2969 442 3032 humor
476 2966 639 3050 pluvialia,
676 2966 801 3030 decidat
831 2965 866 3029 in
896 2965 930 3029 ri
962 2966 1072 3042 γεῶδες
1103 2966 1168 3031 sive
1191 2968 1308 3030 terram
1323 2961 1357 3053 ³).
1394 2966 1533 3032 Verum·

328 3075 536 3158 Anaxagoras
571 3072 599 3136 si
631 3071 693 3136 hoc
716 3071 885 3150 voluisset,
910 3071 1095 3155 diligentius
1120 3076 1152 3136 et
1176 3072 1330 3156 copiosius
1353 3073 1517 3138 locuturus

328 3179 424 3246 luisse
448 3178 677 3244 existimandus
700 3180 758 3243 est.
1039 3249 1045 3271 ,

293 3336 295 3341 .
374 3287 422 3351 De
455 3283 652 3371 philosophis
683 3283 847 3348 hactenus.
879 3283 992 3369 Neque
1023 3287 1063 3348 ab
1094 3284 1133 3348 iis
1164 3286 1291 3349 tantum
1322 3288 1354 3349 et
1376 3284 1518 3371 antiquis

331 3391 529 3479 genealogis,
548 3391 602 3456 sed
622 3413 641 3454 a
660 3390 762 3474 poetis
781 3410 906 3476 quoque
925 3389 1047 3456 coelum
1069 3393 1247 3474 terramque
1263 3392 1416 3476 conjungi
1428 3414 1517 3457 com-

334 3529 528 3544 -.---—

364 3587 391 3652 1)
408 3583 550 3634 Aristotcles
564 3581 605 3646 (dc
623 3581 701 3630 Plant.
717 3582 737 3630 l.
754 3581 781 3632 2)
797 3580 855 3630 dicit
868 3580 962 3646 pluuias
971 3581 1103 3630 desiderare
1112 3582 1200 3641 solem,
1210 3579 1348 3643 εὐκρασίαν,
1357 3580 1418 3643 ἀέρα
1427 3599 1448 3630 κ.
1458 3599 1482 3630 τ.
1494 3593 1519 3631 λ.

329 3669 388 3720 ’ἐστι
406 3667 433 3717 dt
450 3666 496 3716 καί
509 3682 549 3723 τις
567 3664 634 3726 ἀρχὴ
653 3666 698 3722 τῆς
715 3664 760 3725 μὲν
776 3654 869 3726 τροφῆς
883 3667 932 3712 τῶν
947 3667 1032 3726 φυτῶν
1047 3662 1270 3728 ἆτότῦςγῆς,καό
1280 3663 1432 3727 τόλννόιρχν)
1444 3662 1521 3728 ότόρα

330 3755 376 3811 τῆς
401 3748 520 3814 γενόαεας
544 3747 594 3797 ἀπὸ
620 3749 665 3796 ταῦ
691 3744 769 3801 halen.
797 3745 898 3810 subjicit
923 3741 976 3794 elne
998 3744 1025 3794 dt
1049 3747 1283 3812 Ἀναξαγόρας,
1307 3746 1346 3797 ότι
1372 3745 1386 3802 ἡ
1412 3745 1522 3810 ὑγρότης

331 3831 426 3883 τνότων
444 3829 514 3881 ἐστὶν
532 3829 581 3880 ἀπὸ
598 3831 645 3887 τῆς
662 3830 718 3892 γῆς,
731 3827 774 3877 καὶ
788 3826 829 3876 δια
844 3830 921 3877 ταῦτα
936 3826 984 3890 'ion
994 3828 1053 3889 πρὸς
1061 3829 1182 3890 Λεχόνενν
1192 3828 1231 3878 ότι
1250 3827 1264 3884 ἡ
1283 3832 1322 3892 γῆ
1341 3827 1444 3891 μήτηρ
1461 3829 1521 3891 μέν

331 3911 404 3964 ἐστι
429 3917 491 3963 τῶν
513 3915 634 3975 φυτῶν,
657 3911 670 3959 ό
693 3909 724 3959 δὲ
748 3910 838 3969 &aare
866 3907 977 3972 τατόρ.
1000 3912 1071 3976 Quod
1087 3912 1148 3961 mihi
1165 3912 1267 3962 similius
1284 3913 1523 3977 videturallegoriae

330 3998 379 4048 aive
396 3995 511 4046 orationis
526 3997 615 4060 figurae
632 3995 660 4043 de
685 3994 918 4059 propagatione
944 3994 1082 4059 plantarum
1098 4010 1170 4059 quam
1186 3997 1251 4044 certo
1268 3996 1373 4060 dogmati
1390 3997 1418 4044 de
1435 4011 1522 4046 aarum

332 4095 467 4144 origine.
548 4127 552 4136 ,

366 4163 391 4222 2)
408 4163 443 4212 Gi.
462 4161 562 4211 Aristot.
580 4161 608 4209 de
627 4159 700 4208 Coelo
719 4159 776 4217 III,
796 4160 810 4206 3
828 4162 852 4208 et
870 4159 891 4207 I.
910 4159 933 4209 3.
951 4157 1035 4223 Simpl.
1053 4158 1123 4208 adh.
1141 4158 1159 4207 1.
1177 4159 1242 4209 Plut.
1259 4159 1324 4209 Pluc.
1342 4160 1405 4210 Phil.
1425 4162 1461 4211 ΙΙ.
1480 4163 1524 4211 18.

368 4247 394 4312 3)
412 4245 489 4294 Zeller
512 4243 553 4308 (Ι,
581 4243 642 4307 906)
668 4245 738 4308 putat
761 4227 889 4290 secundum
913 4241 1078 4304 Anaxagoram
1100 4240 1171 4290 initio
1195 4242 1307 4291 animalia
1330 4244 1410 4293 eadem
1427 4243 1527 4292 ratione

334 4344 380 4392 qua
402 4327 495 4392 plantas
518 4329 571 4375 orta
587 4340 649 4383 aare,
668 4324 712 4373 hoc
728 4327 823 4373 tantum
840 4323 975 4372 discrimine
993 4325 1020 4372 ut
1038 4338 1120 4372 eorum
1137 4324 1227 4373 semina
1246 4324 1327 4374 'nicht
1344 4341 1386 4374 ans
1405 4326 1448 4374 der
1463 4325 1527 4374 aeft

334 4411 382 4460 und
397 4410 450 4458 dem
467 4408 587 4457 Fauehtcn
604 4408 705 4457 eundern
723 4422 765 4456 aua
782 4407 835 4456 dum
852 4405 982 4469 Fennignn,
1001 4405 1055 4454 dem
1068 4405 1156 4454 Aether
1170 4406 1310 4469 hergcleitet
1326 4408 1430 4466 werden,
1445 4406 1528 4456 uorin

334 4493 387 4542 ihre
409 4491 498 4540 hdhcre
521 4492 601 4539 Natur
626 4489 767 4554 angadentet
790 4486 906 4538 achcint''.
933 4487 1026 4553 Quibus
1043 4487 1120 4537 verbis
1136 4487 1186 4538 aine
1204 4488 1275 4538 dnbio
1291 4492 1382 4554 spectat
1399 4489 1442 4537 τὸν
1459 4487 1528 4550 ἇόρα

336 4573 491 4640 Theophrasti
509 4577 532 4623 ct
551 4573 581 4620 τὸ
600 4571 683 4633 όερμόν
701 4571 813 4636 Diogenis
830 4571 864 4635 (v.
883 4587 955 4636 supra
970 4572 996 4619 in
1013 4569 1057 4618 hac
1074 4573 1133 4633 pg.).
