3422 5362
868 479 931 544 180

307 657 482 742 qui'cesds
505 658 621 743 polluti
645 663 702 724 aut
724 660 911 726 innocentes
935 661 976 725 ab
998 662 1137 727 inimicis
1161 637 1266 746 patria
1289 665 1430 747 expulsi,
1454 663 1496 728 ab
1629 652 1633 659 ⁵

306 763 559 830 'Atheniensibus
592 771 766 850 praeeunte
800 789 874 852 rege
905 768 1123 853 excipiuntur,
1154 772 1353 854 purgantur,
1385 769 1496 835 defen·

308 874 436 937 duntur.
458 871 622 958 Supplices
644 876 760 938 matres
777 874 974 959 principum,
992 877 1047 960 qui
1067 876 1152 960 apud
1168 875 1293 941 Thebas
1306 877 1496 955 ceciderunt,

306 977 591 1060 aThebauorum,
618 1017 657 1027 —
682 978 869 1047 Heraclidae
894 981 934 1046 ab
958 982 1128 1066 Eurysthei
1147 983 1352 1048 vindicantur
1370 982 1496 1050 ferocia.

307 1083 450 1170 Oedipus
480 1085 571 1150 norit
593 1107 626 1150 se
650 1083 787 1151 Athenis
811 1088 942 1153 comiter
966 1090 1132 1173 exceptum
1155 1088 1209 1165 iri;
1238 1088 1392 1154 Hercules
1412 1088 1495 1153 libe·-

305 1211 413 1255 rorum
445 1190 602 1275 sanguine
633 1191 808 1258 maculatus
831 1215 850 1256 a
873 1192 995 1260 Theseo
1027 1195 1137 1260 eodem
1160 1195 1346 1272 abducitur,
1369 1192 1496 1280 Aegeus

306 1297 436 1365 Medeae
458 1299 606 1383 expulsae
629 1299 810 1384 perfugium
834 1299 1043 1388 promittit1).

351 1404 467 1471 Verbis
496 1408 622 1491 quoque
645 1406 825 1492 saepissime
855 1407 1002 1473 Athenas
1025 1407 1207 1475 celebrauit.
1231 1407 1369 1474 'lhoades
1392 1408 1495 1492 cepti·

178 1533 182 1540 ·
304 1531 361 1576 vae
392 1515 508 1596 optant
539 1535 572 1578 se
602 1512 750 1578 Athenas
781 1514 953 1596 abductum
974 1514 1013 1579 iri
1039 1515 1117 1599 (207
1138 1516 1239 1600 sqq.)‚
1264 1515 1372 1579 Iolaus
1396 1515 1495 1598 longa

302 1617 459 1684 oratione
477 1620 726 1685 Atheniensium
752 1620 900 1690 uirtutem
925 1621 1058 1706 exponit
1081 1620 1255 1698 (Heraclid.
1282 1621 1494 1704 181-201);

302 1722 361 1788 Ion
376 1809 377 1812 Ἴ
393 1721 542 1791 Creusam
575 1727 700 1792 beatam
731 1727 893 1811 praedicat
917 1731 1008 1812 quod
1025 1728 1059 1792 in
1084 1728 1141 1791 tsli
1163 1727 1242 1791 urbe
1265 1727 1390 1792 habitet
1413 1726 1493 1812 (262

302 1838 381 1915 sq.);
403 1816 517 1897 chorus
540 1833 574 1896 in
599 1833 710 1898 Medea
732 1833 936 1899 Athenarum
960 1834 1068 1898 leudes
1092 1834 1178 1898 canit
1200 1835 1243 1917 (u.
1271 1835 1336 1898 324
1356 1834 1440 1919 sqq.)
1455 1831 1492 1920 ⁹).

348 1935 495 2004 Concedo
526 1962 596 2024 eum
628 1939 737 2005 laudes
763 1940 836 2005 illas
860 1941 946 2005 haud
968 1941 1064 2006 dubie
1088 1962 1151 2006 non
1178 1942 1280 2005 solum
1305 1940 1347 2004 ob
1371 1940 1494 2024 patriae

302 2031 441 2108 amorem
470 2048 537 2109 tam
568 2046 707 2130 benigne
738 2046 884 2110 effudisse
915 2047 1090 2111 sedetiam
1114 2050 1150 2110 ut
1173 2045 1403 2140 spectatoribus
1428 2046 1493 2110 suis

304 2149 543 2234 'gratificaretur
580 2149 649 2227 Qua
674 2153 709 2217 in
738 2174 772 2220 re
804 2135 917 2237 reliqui
941 2153 1056 2237 tragici
1079 2153 1289 2236 praeiverant.
1315 2151 1492 2237 Aeschylus

303 2255 471 2321 Persarum
491 2257 600 2348 fabula
620 2259 791 2323 celebravit
812 2257 1002 2324 Graecorum
1022 2263 1054 2323 et
1072 2259 1228 2343 imprimis
1247 2258 1494 2323 Atheniensium

302 2362 484 2448 uictoriam,
510 2385 644 2448 quorum
667 2365 801 2430 virtutes
826 2365 940 2429 chorus
961 2364 1094 2430 Atossae
1114 2366 1245 2450 exponit
1266 2366 1491 2450 (236-245),

301 2470 334 2533 et
362 2491 418 2554 per
449 2471 552 2533 totum
586 2473 696 2534 drama
727 2471 778 2536 vel
803 2471 923 2560 invitus
946 2472 1056 2536 laudat
1080 2472 1292 2554 (285-289,
1319 2472 1382 2536 347
1408 2494 1490 2558 sqq„

303 2574 411 2661 1025).
438 2575 475 2638 In
500 2559 713 2641 Eumenidum
737 2577 845 2642 fabula
869 2576 995 2643 Orestes
1017 2577 1155 2643 Athenis
1174 2580 1359 2663 perpetuam
1381 2601 1491 2664 pacem

301 2669 430 2765 exoptat
452 2682 530 2765 (162
551 2686 646 2766 sqq.).
660 2682 833 2767 Sophocles
847 2683 1089 2748 Atheniensium
1104 2685 1254 2768 pietatem
1267 2707 1323 2769 per
1335 2683 1491 2770 Oedipum

299 2769 473 2850 Coloneum
496 2787 684 2865 celebravit,
709 2811 802 2872 quem
827 2789 903 2853 facit
926 2791 1082 2856 dicentem
1106 2790 1240 2876 (1125):
1379 2777 1381 2781 Α

809 2897 875 2961 ἐπεὶ
900 2896 936 2961 τό
960 2897 996 2976 γ’
1022 2899 1149 2975 εὐσεβὲς

549 3003 649 3082 μόνοις
674 3005 748 3084 παρ’
773 3005 843 3085 ὑμῖν
868 3002 953 3087 ηὗρον
976 3006 1134 3084 ἀνθρώπων
1163 3006 1224 3085 ἐγώ

547 3108 599 3174 καὶ
624 3113 793 3184 τούπιεικὲς
818 3111 869 3177 καὶ
894 3113 929 3177 τὸ
954 3113 998 3189 μὴ
1022 3113 1251 3192 perterrearis.

318 3291 319 3294 Ἴ
343 3213 434 3281 Nihil
458 3215 533 3281 noui
556 3237 632 3300 ergo
654 3217 833 3282 introduxit
853 3221 979 3297 noster,
1001 3220 1054 3284 sed
1074 3241 1141 3284 non
1160 3221 1265 3303 potest
1284 3219 1396 3304 negari
1416 3242 1489 3284 eum

297 3322 357 3399 hac
380 3322 415 3386 iu
437 3344 471 3387 re
494 3325 530 3386 ut
553 3321 587 3386 in
607 3323 677 3387 aliis
697 3323 862 3389 nonnullis
882 3326 1010 3390 modum
1032 3326 1219 3402 excessisse,
1241 3325 1291 3389 cui
1311 3326 1489 3410 superiores

298 3429 469 3514 prudenter
494 3433 658 3513 parcentes
682 3431 869 3514 proluerent
892 3435 924 3496 et
947 3433 1190 3497 delectaverunt.

297 3529 300 3536 ⁴
342 3535 517 3621 Spartiates
538 3540 650 3601 contra
671 3537 846 3602 detestatur
866 3538 938 3602 odio
958 3538 1106 3622 capitali3
1119 3538 1301 3603 testimonio
1316 3539 1365 3603 est
1377 3537 1488 3604 Mene-

295 3644 381 3718 laus,
413 3641 469 3726 qui
493 3641 527 3705 in
551 3643 717 3707 nonnullis
738 3644 855 3708 fabulis
880 3644 1019 3708 moribus
1043 3644 1263 3730 abjectissimis
1288 3645 1485 3728 producitur.

295 3746 519 3812 Andromache
543 3752 575 3812 et
597 3748 709 3814 Peleus
734 3749 1008 3816 vehementissime
1030 3751 1199 3835 increpent
1219 3749 1487 3817 Lacedaemonio·

295 3875 367 3918 rum
398 3853 556 3919 fallaciam
588 3858 621 3920 et
650 3857 881 3942 impudicitiam
907 3856 1023 3942 (Andr.
1049 3858 1246 3935 tls-453,
1272 3857 1485 3945 595-601);

297 3961 392 4024 etiam
413 3960 447 4025 in
468 3959 670 4048 supplicibus
693 3965 829 4030 crudelis
849 3969 880 4029 et
900 3964 996 4029 fallax
1016 3964 1131 4029 dicitur
1143 3963 1259 4049 Sparta
1272 3965 1296 4050 ³)
1308 4017 1315 4050 ,
1329 3964 1486 4030 Troades·

297 4088 359 4152 que
382 4067 527 4154 captivae
548 4071 665 4156 optant
688 4093 729 4134 ne
753 4071 830 4136 illuc
849 4071 1049 4137 abducantur
1071 4072 1150 4157 (211
1176 4079 1267 4156 sqq.).
1291 4071 1396 4136 Huius
1419 4071 1486 4138 odii

328 4291 354 4348 1)
377 4292 523 4343 Erechtheus
545 4306 639 4358 quoque
663 4292 743 4343 tabula
764 4293 812 4344 fuit
829 4294 917 4345 amoris
933 4294 1025 4360 patriae
1043 4295 1126 4360 plena.
1146 4294 1244 4360 ideoque
1261 4295 1370 4360 Lycurgo
1387 4293 1485 4346 laudeta

294 4372 335 4438 (ci.
354 4375 435 4424 Leocr.
453 4378 464 4438 ς
481 4374 533 4440 98).
555 4427 557 4432 ,

328 4456 357 4522 2)
374 4458 412 4510 Ol.
428 4461 551 4523 practerea
566 4457 650 4524 Suppl.
669 4459 717 4507 118
735 4473 793 4524 sqq„
811 4459 847 4509 ul.
866 4459 930 4510 1319
947 4475 982 4524 sq.

328 4541 356 4606 3)
376 4541 403 4590 V.
428 4539 484 4591 187.
507 4540 619 4605 Suspicor
641 4540 667 4590 iu
692 4541 828 4592 Heraclidis
849 4557 950 4608 proavae
973 4542 1101 4594 Alcmenae
1119 4542 1225 4594 moribus
1242 4542 1484 4596 Lacedaemoniorum

297 4623 409 4674 ferociam
426 4624 494 4684 tea,
503 4621 649 4689 vituperari,
667 4624 696 4674 cf.
714 4639 753 4690 pg.
772 4624 804 4674 18
819 4628 869 4674 not.
