3408 5360
882 481 924 548 26

314 662 399 729 Nam
424 663 533 728 docuit
556 683 614 726 nos
637 660 817 727 fabularum
843 663 1051 748 chronologia
1075 662 1184 748 (supra
1202 683 1229 726 c.
1243 659 1277 725 II
1296 681 1350 746 pg.
1366 662 1408 727 16
1421 663 1505 750 sqq.)

311 791 383 835 eum
404 792 471 835 non
495 769 596 834 solum
616 790 680 854 quo
692 773 835 854 tempore
847 771 952 855 primo
963 769 1145 853 tragoediae
1157 767 1298 832 animum
1313 768 1438 852 appulit
1450 769 1505 832 sed

310 899 367 963 per
391 877 527 961 amplius
547 875 665 959 viginti
685 897 788 940 annos
807 877 1012 961 insequentes
1033 890 1145 959 (usque
1162 877 1203 938 ad
1227 873 1397 958 Hippolyti
1409 875 1505 939 velati

312 983 589 1068 compositionem)
614 982 652 1046 de
670 982 788 1048 fabulis
807 983 1033 1069 mythologicis
1052 1003 1119 1046 non
1143 981 1236 1046 aliter
1256 981 1390 1046 sensisse
1409 985 1504 1066 atque

310 1091 477 1176 plerosque
500 1089 689 1173 aequalium.

357 1197 403 1262 At
429 1197 508 1261 haec
532 1195 607 1260 dum
631 1195 747 1260 iterum
771 1197 833 1262 hoo
856 1197 925 1263 loco
948 1217 1053 1282 pono,
1076 1196 1144 1280 ipse
1166 1216 1268 1259 meam
1290 1193 1503 1259 temeritatem

310 1301 496 1386 reformido,
532 1303 565 1365 et
594 1299 674 1364 mihi
708 1324 809 1386 paene
839 1299 907 1388 ip'se
937 1303 1033 1367 fidem
1056 1301 1197 1384 denego,
1221 1322 1293 1365 cum
1317 1299 1503 1383 praesertim

310 1429 422 1487 nemo,
445 1410 602 1492 quantum
622 1408 705 1484 seio,
725 1408 820 1474 huius
839 1411 895 1494 rei,
919 1409 954 1473 in
966 1407 1127 1492 Euripidis
1138 1410 1246 1470 tamen
1258 1405 1390 1490 ingenio
1403 1405 1503 1490 expli-

311 1517 413 1582 cando
435 1514 658 1599 gravissimae·
672 1515 829 1579 rationem
849 1515 1005 1580 habuerit
1019 1513 1230 1596 Eumpidesne
1242 1533 1394 1596 umquam
1411 1511 1507 1576 fuerit

312 1622 442 1686 deorum
468 1620 572 1684 cultor
594 1620 667 1704 pius
689 1642 794 1705 neque
815 1620 1020 1686 incredulus?
1042 1618 1230 1684 Incredibile
1249 1639 1348 1702 prope
1368 1618 1503 1685 videtur.

310 1725 394 1790 Eum
418 1726 513 1791 nobis
536 1746 602 1790 non
624 1726 720 1790 alium
745 1729 821 1791 ante
844 1728 952 1792 oculos
976 1746 1153 1812 proponere
1177 1723 1504 1809 possumusnisireli-

311 1833 440 1920 gionem
465 1833 628 1917 vulgarem
650 1832 885 1917 objurgantem.
903 1833 1120 1897 Nihilominus
1146 1830 1308 1895 conclusio
1320 1830 1376 1894 illa
1387 1830 1507 1894 tuenda

312 1942 367 2005 est.
391 1937 560 2004 Dubitatio
572 1939 804 2024 admiratioque
816 1939 887 2004 ideo
900 1939 1042 2004 animum
1055 1939 1226 2022 occupant,
1241 1939 1327 2022 quod
1338 1937 1506 2022 pleraeque

312 2046 494 2129 tragoediae
526 2067 564 2109 ex
596 2067 633 2108 ee
661 2048 765 2109 aetate
795 2050 937 2110 servatae
967 2047 1060 2121 sunt,
1087 2067 1151 2129 qua
1172 2043 1360 2128 religionem
1383 2043 1505 2128 impro-

312 2151 427 2234 babat,
463 2153 495 2214 et
526 2172 597 2217 cnm
626 2151 737 2215 ceteris
758 2151 956 2236 paucissimis
981 2150 1109 2217 confuse
1131 2151 1231 2215 lectae
1253 2148 1368 2213 falsam
1392 2171 1505 2234 perpe·

312 2258 385 2320 tuae
408 2256 583 2341 impietatis
608 2257 792 2341 opinionem
815 2257 907 2322 nobis
931 2257 1119 2324 attulerunt.
1144 2255 1206 2322 Sed
1217 2255 1370 2339 temporis
1381 2255 1506 2321 ratione

312 2362 483 2447 dispositae
507 2363 638 2428 meliora
662 2366 787 2428 docent.

358 2467 486 2554 Optime
518 2469 618 2552 igitur
647 2469 676 2533 ei
698 2469 866 2554 incipienti
888 2471 1098 2535 conveniebat
1121 2469 1198 2533 trita
1222 2469 1283 2534 via.
1308 2467 1370 2534 Sed
1396 2470 1506 2552 postea

311 2573 491 2658 vulgarium
523 2576 652 2640 deorum
684 2580 832 2640 naturam
862 2576 1044 2661 improbare
1075 2576 1197 2660 coepit,
1222 2575 1310 2641 cuius
1333 2576 1379 2640 rei
1402 2575 1506 2660 prima

312 2681 365 2744 sed
389 2684 476 2745 certa
498 2681 617 2745 indicia
639 2682 842 2747 observamus
865 2682 958 2746 initio
982 2682 1058 2746 belli
1082 2681 1354 2766 Peloponnesiaci.
1374 2680 1503 2746 Etenim

311 2785 574 2850 verisimillimum
606 2790 654 2851 est
683 2788 911 2870 cogitationes,
933 2809 1015 2872 quae
1039 2788 1143 2852 adhuc
1161 2787 1196 2851 in
1217 2787 1282 2852 imo
1306 2790 1433 2872 pectore
1456 2787 1504 2852 la·

312 2891 457 2976 tuissent,
484 2893 612 2958 aduris
636 2893 873 2958 calamitatibus
897 2894 1012 2978 quibus
1025 2893 1237 2959 Athenienses
1249 2894 1506 2978 opprimerentur

315 2997 420 3063 subito
441 3000 568 3063 tantum
581 2999 815 3064 incrementum
828 3003 1014 3085 tantamque
1026 3001 1090 3066 vim
1103 3005 1260 3086 accepisse
1271 3004 1307 3065 ut
1319 3001 1385 3066 eius
1397 3000 1505 3066 animo

313 3126 437 3168 summa
467 3104 500 3168 vi
531 3107 563 3169 et
595 3110 681 3170 certa
701 3105 935 3190 significatione
959 3130 991 3172 se
1012 3106 1221 3172 obtruderent
1243 3128 1346 3192 neque
1370 3108 1506 3191 amplius

311 3210 438 3275 reticeri
461 3214 600 3294 possent.
625 3212 737 3296 Pergit
756 3214 863 3277 tamen
885 3235 923 3278 ex
943 3214 1056 3279 iisdem
1079 3213 1223 3279 fontibus
1247 3216 1437 3297 argumenta
1459 3213 1505 3278 fa-

311 3316 459 3381 bularum
483 3317 628 3394 haurire;
653 3318 824 3384 absurdum
854 3320 939 3384 enim
966 3321 1078 3386 fuisset
1100 3325 1217 3386 temere
1236 3319 1415 3404 relinquere
1433 3341 1504 3400 eos,

312 3423 368 3507 qui
391 3423 514 3486 tamdiu
544 3445 578 3488 se
610 3424 704 3488 utiles
735 3425 977 3509 praestitissent.
1007 3425 1116 3510 Ipsum
1145 3428 1250 3490 autem
1275 3425 1341 3489 veri
1365 3426 1505 3491 studium

313 3550 385 3592 eum
416 3528 529 3594 incitat
560 3534 597 3594 ut
628 3531 737 3595 eadem
765 3531 817 3596 via
839 3535 1026 3617 perseveret.
1051 3531 1166 3597 Procul
1191 3531 1286 3596 dubio
1311 3532 1410 3596 sentit
1433 3533 1504 3617 qui·

313 3633 384 3698 dem
420 3634 587 3718 paullatim
622 3640 779 3720 quantum
817 3637 984 3720 opiniones
1020 3659 1093 3702 suae
1127 3638 1277 3702 materiae
1311 3660 1408 3722 quam
1444 3637 1504 3702 sibi

313 3742 513 3806 tractandam
537 3743 673 3827 sumpsit
696 3746 886 3828 repugnent,
911 3747 966 3808 sed
992 3746 1097 3808 temen
1121 3744 1220 3808 animi
1240 3743 1345 3809 adhuc
1364 3744 1505 3809 incertus

311 3852 437 3927 manet;
461 3849 497 3912 in
516 3848 627 3912 iisdem
652 3850 771 3934 mythis
795 3850 839 3914 dii
863 3871 928 3914 non
952 3871 1023 3914 raro
1045 3852 1125 3936 justi
1149 3853 1181 3915 et
1203 3852 1306 3916 saneti
1330 3854 1500 3937 apparent,

310 3953 357 4018 ita
391 3957 429 4018 ut
461 3976 528 4019 non
558 3953 677 4019 habeat
707 3977 764 4020 cur
793 3955 1028 4021 venerationem
1060 3956 1098 4021 iis
1128 3958 1273 4042 deneget.
1305 3956 1507 4042 Quapropter

313 4060 422 4124 eadem
446 4062 571 4124 tentare
595 4081 663 4124 non
687 4061 821 4137 desinit3
846 4066 879 4126 at
902 4062 1025 4146 quoties
1048 4062 1082 4126 in
1107 4063 1285 4128 tractandis
1309 4063 1426 4127 fabulis
1447 4086 1506 4127 an·

313 4167 410 4250 tiquis
433 4167 547 4231 incidit
569 4167 602 4231 iu
628 4188 681 4232 eos
699 4168 786 4232 locos
810 4168 865 4232 ubi
886 4168 1050 4234 fortissimi
1070 4173 1103 4233 et
1122 4169 1377 4234 innocentissimi
1397 4169 1507 4234 herotis

313 4271 534 4358 Olympiorum
558 4273 680 4338 invidia
694 4279 848 4358 pereunt,
868 4274 1102 4360 indignationis
1114 4277 1274 4362 impotens
1287 4277 1383 4361 atque
1395 4278 1507 4341 ardore

311 4378 462 4462 abreptus
487 4380 643 4446 exclamat
666 4384 741 4445 deos
764 4385 830 4445 tam
854 4382 995 4466 impuros
1023 4382 1129 4446 nullos
1153 4405 1229 4447 esse.

357 4485 496 4549 Multum
532 4487 623 4551 abest
654 4490 691 4550 ut
722 4507 782 4572 ego
817 4487 900 4552 hanc
931 4488 1183 4554 inconstantiam
1214 4492 1247 4554 et
1277 4490 1374 4554 animi
1403 4489 1504 4554 imbe-

313 4590 478 4656 cillitatem
502 4593 643 4676 probem.
669 4591 752 4659 Nam
778 4593 924 4679 Euripidi
948 4594 1139 4679 simulatque
1163 4618 1181 4659 a
1201 4595 1388 4680 vulgaribus
1400 4596 1505 4680 opini-
