3422 5362
775 455 838 521 153

212 635 375 722 sophistae
404 634 587 703 habuerint.
630 634 701 722 Ego
731 636 979 723 haudquaquam
1009 637 1199 702 contendam
1232 657 1285 701 eos
1317 635 1407 703 nulla

212 763 250 808 ex
273 745 365 828 parte
388 741 530 808 moribus
554 741 707 811 nocuisse.
732 741 817 809 Nam
840 746 925 809 artes
947 765 1025 829 quas
1044 741 1216 808 tradebant
1236 742 1407 828 pleraeque

212 849 307 914 rectis
342 851 375 913 at
405 847 512 933 pravis
543 848 684 914 consiliis
715 850 832 915 servire
861 851 1029 935 poterant,
1054 853 1087 914 et
1108 870 1225 933 quum,
1251 851 1406 933 utsupra

213 954 342 1034 monui,
378 975 415 1019 ec
449 954 519 1039 ipso
555 957 699 1040 tempore
729 953 844 1023 Graeci
875 956 1037 1022 venissent
1063 954 1099 1019 in
1122 954 1293 1039 ancipitem
1315 953 1405 1018 illem

213 1059 427 1126 conditionem
462 1060 517 1125 ubi
551 1063 774 1128 corruentibus
809 1063 951 1128 moribus
984 1066 1017 1126 et
1050 1061 1229 1126 rationibus
1263 1059 1405 1145 antiquis

213 1187 316 1231 novae
345 1168 544 1251 quaerendae
574 1171 667 1232 arant
697 1172 731 1232 et
760 1169 869 1233 omnia
899 1188 984 1233 nova
1011 1172 1130 1232 temere
1153 1165 1404 1252 appetebantur,

213 1270 426 1356 sophistarum
461 1293 587 1357 quoque
618 1277 702 1339 artes
724 1274 838 1359 cupide
862 1276 1006 1359 arreptae
1029 1273 1069 1338 ab
1092 1272 1260 1337 ineruditis
1284 1271 1406 1337 stultis·

214 1400 275 1463 que
296 1399 463 1464 perperam
487 1378 748 1464 explicabantur,
773 1403 793 1446 a
813 1381 905 1446 malis
923 1381 957 1445 in
976 1379 1177 1464 voluptatum
1190 1379 1406 1462 scelerumque

212 1484 426 1550 instrumenta
458 1484 739 1570 detorquebantur.
771 1486 821 1551 Ita
845 1487 964 1552 factum
988 1489 1037 1551 est
1058 1489 1095 1550 ut
1116 1484 1330 1570 sophistarum
1353 1483 1406 1547 in-

214 1589 338 1655 stitutio
360 1590 535 1656 multorum
557 1591 698 1658 moribus
720 1594 872 1658 nocuerit.
904 1593 1025 1658 Rursus
1047 1613 1123 1657 vero
1146 1591 1242 1655 otiam
1262 1590 1406 1655 moribus

214 1695 418 1780 profuerunt,
437 1719 514 1762 nam
533 1720 614 1783 quaa
633 1699 668 1764 in
684 1701 779 1765 rebus
798 1700 910 1765 ethicis
933 1701 1101 1784 praecepta
1123 1698 1209 1762 ultro
1234 1697 1405 1762 tradebant

214 1802 330 1886 partim
353 1806 446 1867 erant
466 1803 533 1868 fere
557 1805 706 1871 notiones
728 1806 843 1891 optimi
865 1806 1019 1890 cuiusque
1042 1804 1235 1870 Graecorum
1259 1803 1299 1867 ad
1317 1803 1405 1888 leges

215 1911 360 1974 redactae
379 1919 412 1974 et
430 1913 609 1977 exstructae
628 1912 661 1976 in
683 1913 818 1977 rationis
837 1918 869 1978 et
886 1911 1120 1998 intelligentiae
1140 1910 1349 1976 fundamento
1363 1945 1404 1958 -

215 2014 331 2099 partim
355 2015 497 2082 rationes
521 2018 695 2082 sanctiores
718 2023 750 2083 et
773 2019 933 2104 puriores,
958 2023 1052 2103 aptae
1071 2017 1213 2082 moribus
1232 2015 1405 2081 emendan-

215 2120 282 2199 dis,
302 2143 437 2206 quarum
458 2122 506 2187 vis
525 2125 634 2188 tamen
654 2125 845 2190 recentiores
863 2125 1031 2210 plerosque
1049 2124 1135 2208 sugit
1153 2145 1251 2208 quum
1273 2143 1406 2206 eaquae

216 2226 249 2291 in
275 2227 414 2292 deterius
438 2229 520 2293 verti
541 2233 671 2314 possent
694 2234 732 2296 ut
753 2230 792 2295 fit
814 2231 921 2316 plures
943 2231 1115 2295 sectatores
1138 2227 1319 2293 habuerint.
1347 2226 1406 2292 So·

213 2331 338 2417 phistae
369 2334 432 2418 ipsi
461 2334 604 2419 proiecto
636 2338 676 2400 ad
707 2337 857 2401 virtutem
882 2336 1076 2413 tendebant,
1099 2335 1189 2400 cuius
1211 2333 1255 2398 rei
1280 2352 1405 2397 morum

216 2439 402 2524 integritate
424 2440 621 2507 luculentum
647 2444 815 2509 ediderunt
838 2443 1018 2528 exemplum
1031 2439 1068 2527 ¹).

292 2700 308 2783 5
332 2699 363 2762 5.
403 2701 557 2782 Quatenus
580 2701 751 2788 Euripides
774 2725 898 2766 morum
921 2713 1086 2788 comptor
1109 2701 1264 2766 habendus
1285 2703 1336 2766 sit.

257 2911 330 2978 Jarn
353 2934 429 2978 voro
453 2913 616 2979 redeamus
638 2918 678 2979 ed
702 2914 889 3000 Euripidem
910 2919 942 2980 et
960 2937 1165 3002 quaeramus,
1186 2917 1223 2980 ut
1242 2917 1311 2980 erat
1330 2935 1406 2999 pro·

214 3017 371 3102 positum,
395 3022 554 3105 quatenus
574 3021 789 3106 sophistarum
811 3021 946 3106 vestigia
965 3041 1112 3105 premens
1133 3020 1275 3086 moribus
1294 3041 1406 3085 nocere

212 3123 364 3207 potnerit.

258 3228 311 3294 hd
329 3231 565 3297 institutionem
584 3233 776 3298 rhetoricam
794 3233 936 3298 revocari
956 3235 1063 3317 potest
1082 3231 1238 3316 Antiopae
1258 3231 1297 3295 fr.
1310 3231 1405 3318 (189)

213 3336 298 3420 apud
320 3334 411 3403 Stob.
435 3338 489 3404 82.
515 3340 554 3403 2:

417 3445 452 3509 ἐκ
475 3445 591 3518 παντὸς
616 3443 654 3510 ἄν
677 3469 724 3518 τις
749 3445 940 3525 πράγματος
963 3445 1070 3510 δισσῶν
1093 3444 1194 3524 λόγων

426 3553 536 3630 ἀγῶνα
561 3553 634 3617 θεῖτ’
659 3551 714 3630 dr,
738 3553 763 3618 sl
789 3551 893 3630 styra
917 3553 962 3626 rin
986 3550 1093 3632 σοφδς.

260 3655 448 3743 Quicunque
479 3680 553 3724 vero
584 3663 624 3725 de
654 3658 748 3725 rebus
782 3659 932 3725 humanis
966 3659 1104 3724 multum
1139 3657 1309 3724 meditatus
1332 3655 1406 3741 phi·

214 3763 461 3850 losophatusque
492 3767 557 3840 est,
591 3766 620 3830 ei
651 3765 725 3830 talis
760 3765 922 3830 sententia
946 3764 1040 3830 facile
1062 3786 1096 3828 se
1118 3764 1286 3846 obtrudet,
1310 3783 1406 3846 quam

214 3868 317 3932 celare
336 3867 469 3935 fortasse
488 3871 692 3954 praestiterat
710 3872 745 3936 in
766 3870 885 3956 populo
905 3871 945 3935 ad
963 3869 1053 3934 dolos
1075 3871 1206 3954 argutos
1226 3867 1406 3953 captiones-

214 3994 277 4058 qoe
297 3973 477 4040 dialecticus
497 3977 678 4060 aptissimo;
699 3999 773 4042 nam
795 3977 940 4061 quemvis
956 3997 1029 4041 vera
1041 3974 1101 4052 sit,
1119 3973 1236 4039 veritas
1248 3973 1407 4058 patefacta

215 4078 388 4165 aliquando
412 4085 514 4147 nocet
542 4081 715 4148 Videamus
738 4083 843 4167 potius
865 4082 1041 4147 rhetoricae
1060 4081 1214 4167 quaedam
1234 4079 1408 4164 specimina

216 4183 256 4248 sd
280 4186 383 4251 scelus
405 4187 534 4273 aliquod
558 4188 792 4253 defendendum
818 4189 1065 4254 accommodata.
1091 4187 1130 4252 In
1154 4207 1191 4251 ea
1214 4187 1305 4271 parte
1327 4205 1409 4269 quae

219 4295 267 4356 est
287 4294 435 4360 derebus
454 4293 571 4360 divinis
587 4296 655 4380 jam
674 4294 889 4360 recensuimus
908 4315 962 4359 eos
980 4294 1085 4372 locos,
1099 4292 1152 4358 ubi
1164 4291 1311 4356 homines
1324 4289 1409 4356 vitiis

218 4467 236 4472 --
249 4467 413 4476 --———

250 4584 280 4652 l)
299 4588 363 4638 Nota
380 4593 415 4639 ert
432 4589 535 4655 Gorgiae
552 4593 659 4640 wneotos
676 4589 800 4640 viridiset
817 4587 927 4664 robusta,
945 4587 1116 4656 temperantiae
1133 4587 1232 4640 tructus.
