3418 5356
889 445 932 510 82

313 630 380 693 tate
398 626 483 692 inter
504 649 536 692 se
550 627 699 692 differant
712 649 806 712 quam
819 627 999 714 religiones.
1018 625 1103 692 Nam
1115 649 1187 707 eae,
1199 649 1280 714 quae
1292 630 1384 694 deum
1396 629 1508 695 colunt

313 734 547 800 sanctissimum
568 755 772 819 summaeque
792 734 921 800 virtutis
939 738 1193 819 praeceptorem,
1215 738 1252 798 ut
1270 757 1328 819 par
1346 739 1411 819 est,
1432 737 1506 821 plu·

312 843 428 907 rimum
459 840 545 906 infra
577 840 757 925 exemplum
788 863 880 906 suum
912 849 1039 906 manere
1070 841 1191 920 solent;
1227 863 1308 925 quae
1332 863 1406 908 vero
1431 845 1506 909 deos

312 951 455 1034 impuros
479 948 607 1032 colunt,
628 950 736 1012 tamen
755 947 843 1033 ipsae
861 947 918 1012 illa
938 947 1070 1014 notione
1088 948 1261 1034 instigatae
1271 948 1387 1014 rectius
1399 949 1506 1015 vivere

311 1060 479 1124 conantur.

358 1163 426 1232 Nec
457 1167 566 1228 tamen
595 1163 710 1247 exigua
741 1148 1013 1228 contemnendave
1043 1164 1093 1228 est
1113 1161 1171 1226 illa
1193 1184 1317 1228 morum
1341 1161 1504 1229 distantia.

313 1269 489 1338 Christiani
509 1269 594 1334 enim
614 1268 760 1333 homines
778 1269 879 1334 multa
899 1269 1084 1353 improbant
1103 1290 1185 1354 quae
1205 1267 1333 1334 Graecis
1351 1270 1505 1353 permissa

314 1381 346 1442 et
365 1377 499 1442 honesta
519 1375 726 1453 videbantur,
747 1378 779 1439 et
790 1375 933 1459 proiecto
944 1377 1061 1440 rectius
1074 1375 1275 1459 sanctiusque
1287 1396 1382 1459 quam
1395 1375 1443 1439 illi
1456 1376 1504 1440 vi·

314 1487 403 1550 vunt.
425 1481 552 1567 Religio
570 1481 655 1546 enim
673 1482 820 1546 innatam
831 1481 918 1546 illam
929 1482 1073 1566 justitiae
1086 1482 1248 1546 notionem
1263 1481 1354 1546 valde
1365 1481 1506 1546 excoluit

310 1595 343 1655 et
361 1589 553 1655 emendavit.
571 1587 659 1653 Num
671 1590 755 1672 apud
769 1585 907 1654 Graecos
917 1608 1045 1673 quoque
1056 1587 1167 1672 religio
1179 1588 1242 1652 vim
1256 1587 1369 1651 habuit
1381 1590 1422 1652 ad
1434 1610 1504 1652 eam

309 1697 527 1780 formandam,
560 1698 615 1760 sed
647 1717 718 1760 cum
752 1694 915 1779 impura
949 1697 1031 1759 esset
1061 1693 1311 1772 contaminavit,
1343 1695 1502 1778 corrupit,

310 1803 520 1888 depravavit?
544 1801 677 1866 Minime
697 1801 851 1886 gentium.
878 1799 962 1866 Nam
981 1801 1089 1884 potest
1106 1799 1185 1864 heco
1206 1800 1296 1864 notio
1308 1799 1503 1886 aliquamdiu

310 1909 447 1994 opprimi
481 1907 637 1974 bellorum
673 1905 875 1992 civiliumque
906 1905 1109 1981 dissidiorum
1139 1905 1306 1985 fluctibus,
1339 1907 1395 1991 qui
1426 1906 1503 1972 feris

310 2038 411 2102 paene
434 2014 580 2079 homines
599 2015 754 2098 aequant,
776 2013 830 2078 sed
850 2012 906 2077 ubi
924 2012 1040 2078 resedit
1059 2013 1502 2097 tempestasprotinusemar·

312 2123 361 2207 git
391 2125 423 2186 et
452 2119 592 2204 resurgit
617 2141 720 2204 neque
744 2119 778 2184 in
804 2123 993 2204 perpetuum
1017 2118 1115 2184 deleri
1137 2123 1248 2208 potest.
1287 2118 1381 2185 Hanc
1403 2120 1503 2206 igitur

311 2228 426 2294 Graeci
444 2248 570 2313 quoque
590 2227 697 2311 potius
721 2227 912 2312 sequendam
933 2247 999 2291 esse
1010 2225 1238 2291 intellexerunt
1250 2249 1345 2312 quarn
1359 2229 1504 2314 exempla

311 2357 440 2402 suorum
475 2335 623 2412 deorum,
659 2333 743 2398 hanc
773 2333 901 2398 reveriti
933 2337 1008 2398 sunt
1038 2334 1168 2398 nomine
1198 2333 1294 2409 νόμων
1328 2336 1503 2415 ἀγράφων,

310 2463 445 2526 quorum
465 2440 621 2525 originem
642 2460 735 2504 nemo
754 2439 895 2504 indicare
913 2439 1015 2524 possit
1028 2436 1069 2518 ¹),
1091 2460 1170 2524 quos
1190 2439 1245 2524 qui
1258 2440 1376 2506 violare
1388 2444 1503 2506 audeat

311 2549 395 2634 apud
418 2569 529 2613 omncs
552 2546 667 2631 flagret
688 2545 868 2631 ignominia
881 2543 916 2631 2).
941 2543 1044 2621 Quare
1067 2545 1119 2610 hic
1141 2568 1267 2632 quoque
1293 2547 1403 2611 melior
1426 2548 1503 2613 vicit

310 2677 378 2733 res;
408 2657 441 2719 ct
471 2675 569 2738 quum
600 2655 685 2736 apud
709 2650 907 2718 Christianos
931 2651 1042 2735 religio
1067 2653 1251 2717 emendaret
1274 2651 1502 2718 conscientiam

309 2761 405 2838 recti,
430 2760 515 2844 apud
539 2758 675 2824 Graecos
695 2761 807 2822 contra
826 2757 904 2822 recti
923 2757 1117 2822 conscientia
1137 2758 1275 2824 correxit
1294 2760 1500 2845 religionem,

310 2871 343 2932 ct
361 2867 421 2931 hac
439 2866 567 2951 quidem
587 2864 712 2930 ratione
723 2866 768 2944 ¹ut
787 2884 850 2948 quo
871 2863 973 2949 magis
992 2864 1233 2930 confirmaretur
1254 2871 1286 2931 et
1306 2867 1502 2932 excoleretur

311 2994 347 3038 eo
370 2973 476 3057 plures
499 2972 633 3038 virtutes
656 2992 849 3056 muneraque
873 2970 1005 3036 moralia
1028 2971 1087 3036 diis
1110 2972 1272 3039 tribueret.

354 3078 443 3145 Haeo
460 3078 625 3164 religionis
644 3077 855 3142 conformatio
874 3082 907 3142 et
926 3079 1104 3163 progressio
1127 3079 1167 3143 ab
1187 3079 1408 3165 antiquissimo
1422 3083 1501 3146 tem-

310 3207 386 3272 pore
410 3208 509 3271 usque
540 3186 580 3250 ad
612 3184 773 3269 Euripidis
797 3188 935 3249 aetatem
957 3184 1174 3270 persequenda
1198 3207 1265 3250 esse
1288 3185 1500 3272 videturque

310 3292 422 3364 melius
444 3291 661 3378 intelligamus
685 3291 763 3376 quid
784 3290 839 3356 ille
862 3293 901 3356 de
925 3290 985 3356 diis
1008 3291 1213 3378 popularibus
1237 3292 1381 3360 senserit.

347 3559 360 3606 1
390 3560 421 3608 So
438 3559 463 3608 h.
481 3561 537 3610 Ant.
554 3562 571 3609 4
607 3599 612 3610 .

342 3559 373 3706 2))
388 3575 537 3691 UtpPericlcs
554 3560 613 3692 dicit
628 3659 666 3708 ap,
682 3643 755 3692 Thac.
773 3643 808 3691 II.
826 3641 870 3702 37,
888 3642 913 3691 cf
927 3645 1130 3711 practereaSoph.
1141 3644 1239 3696 0ed.R.
1249 3645 1312 3705 865,
1322 3645 1386 3696 ch.
1397 3647 1502 3698 Memor.

310 3723 355 3774 1v.
372 3726 403 3784 4,
423 3725 461 3774 19.
