3408 5360
930 465 952 528 4

344 650 379 714 in
411 650 594 716 universum
611 652 683 714 tuto
715 648 813 713 statui
835 649 941 732 potest
965 647 1138 712 sententias
1163 646 1286 730 saepius
1310 645 1479 729 repct‘tas‚
1496 649 1536 708 et

344 755 630 820 demonstrationes
653 755 691 819 de
710 754 804 818 rebus
823 754 863 818 ab
883 755 1072 836 argumento
1091 753 1213 831 alienis,
1227 752 1364 817 actionis
1376 751 1426 816 vel
1439 752 1536 816 orati-

344 861 415 925 onis
435 864 578 926 tenorem
596 861 813 946 impedientes,
841 860 917 925 satis
941 863 1027 924 certo
1052 859 1152 944 ipsius
1177 859 1291 944 tragici
1316 861 1456 923 mentem
1481 861 1535 922 de-

344 967 474 1032 clarere.

389 1073 471 1138 Tum
495 1071 704 1157 Euripideum
728 1095 807 1157 opus
831 1073 995 1157 quianon
1020 1076 1170 1136 constans
1194 1074 1294 1137 estet
1319 1093 1436 1148 unum,
1451 1071 1539 1135 velut

343 1177 555 1264 Aeschyleum
585 1183 618 1244 et
648 1179 879 1264 Sophocleum,
911 1200 1021 1243 verum
1051 1182 1158 1262 partes
1190 1199 1282 1262 saepe
1314 1177 1538 1261 discrepante

343 1287 429 1370 toto,
455 1287 532 1371 quid
556 1286 756 1371 potissimum
781 1285 975 1369 sequendum
999 1284 1040 1348 sit
1060 1286 1200 1349 incertus
1224 1284 1334 1348 crebro
1356 1283 1495 1347 haereas.

389 1392 551 1457 Plurimae
572 1392 709 1477 denique
732 1391 859 1456 fabulae
883 1413 947 1476 quo
971 1412 1057 1455 anno
1081 1391 1275 1475 compositae
1298 1390 1348 1456 vel
1371 1391 1460 1455 actae
1472 1389 1538 1453 sint

343 1498 440 1577 latet,
464 1500 548 1583 quod
574 1500 600 1563 si
625 1501 738 1563 uotum
758 1502 839 1563 esset
862 1519 1024 1582 possemus
1048 1519 1105 1582 per
1123 1501 1303 1582 temporum
1323 1519 1449 1562 cursum
1461 1497 1538 1580 quid

343 1608 438 1688 poeta
472 1605 607 1670 sentiret
640 1597 726 1669 certa
760 1605 813 1669 via
846 1604 1009 1688 persequi;
1044 1624 1131 1668 nunc
1162 1624 1235 1669 vero
1268 1603 1307 1667 ad
1340 1603 1538 1687 conjecturas

343 1712 596 1775 descendendum
620 1714 678 1775 est.

388 1815 534 1901 Apparet
553 1817 655 1901 igitur
677 1816 824 1900 exiguam
849 1837 936 1900 spem
961 1837 1027 1880 esse
1050 1817 1087 1879 ut
1106 1838 1143 1880 ex
1163 1816 1299 1900 singulis
1319 1816 1447 1881 indiciis
1460 1815 1538 1880 certi

344 1923 466 2006 aliquid
495 1925 596 2006 possit
627 1922 724 2006 effici,
750 1921 804 1986 sed
828 1921 950 1986 cunctis
974 1922 1080 2005 potius
1106 1923 1141 1985 in
1165 1945 1266 1986 unum
1289 1944 1385 2007 quam
1408 1943 1537 1986 accura-

343 2029 465 2092 tissime
488 2028 630 2092 collectis
653 2049 733 2113 opus
757 2027 823 2092 fore
849 2031 885 2090 ut
910 2027 1033 2111 aliquid
1056 2048 1297 2111 consequamur.
1458 2109 1461 2112 ῃ

390 2133 541 2198 Materies
564 2135 727 2218 aptissime
751 2134 938 2217 disponetur
961 2133 996 2196 in
1016 2133 1119 2198 varias
1143 2135 1249 2217 partes
1269 2133 1537 2217 quibusseorsum

344 2240 475 2304 eiusde
504 2261 609 2304 rerum
643 2244 775 2316 natura,
807 2241 846 2302 de
877 2238 1011 2322 imperio
1042 2239 1169 2316 divino,
1203 2239 1240 2304 de
1263 2239 1357 2303 rebus
1377 2240 1537 2316 humanis,

345 2347 383 2410 de
413 2350 515 2410 morte
546 2347 723 2411 sententiae
754 2344 939 2409 tractandae
969 2346 1073 2408 erunt.
1106 2343 1188 2420 Quia
1215 2346 1299 2410 enim
1325 2344 1495 2429 Euripides
1520 2366 1539 2407 a

345 2453 506 2517 constanti
530 2455 655 2517 ratione
672 2454 704 2516 et
722 2451 893 2536 disciplina
913 2449 1086 2535 plurimum
1107 2451 1231 2528 aberat,
1254 2449 1299 2514 ad¹
1313 2455 1433 2515 rectum
1450 2452 1538 2536 judi-

345 2557 428 2622 cium
451 2558 654 2622 formandum
674 2558 877 2642 potissimum
897 2557 995 2620 habui
1016 2578 1082 2620 non
1103 2578 1172 2620 eam
1193 2557 1272 2620 mihi
1293 2579 1415 2621 sumere
1427 2557 1537 2620 distri·

345 2663 510 2728 butionem
542 2686 638 2748 quam
668 2663 889 2747 philosophiae
920 2667 1063 2746 posceret
1095 2684 1203 2726 severa
1233 2663 1334 2745 ratio,
1371 2663 1425 2727 sed
1458 2684 1539 2746 quae

345 2769 490 2832 materies
509 2769 630 2853 legenti
650 2768 729 2832 mihi
749 2768 834 2831 ultro
854 2767 990 2833 offerret.
1013 2768 1252 2832 Praemittenda
1267 2771 1373 2833 autem
1387 2769 1539 2833 videntur

310 2917 314 2924 -
344 2875 571 2960 prolegomena
589 2875 811 2940 brevissimum
830 2875 916 2939 vitae
928 2875 1135 2939 summarium
1147 2879 1179 2938 et
1190 2877 1423 2960 expositionem
1436 2898 1535 2958 quum

345 2980 571 3066 chronologiae
594 2983 774 3046 dramatum
798 2984 866 3045 tum
887 2982 1010 3065 ingenii
1030 2985 1144 3066 poetae
1166 2982 1375 3048 continentia.
