3422 5362
855 402 918 466 152

289 583 427 670 Hippiae
450 586 666 670 propositum,
688 607 782 670 quem
802 587 954 670 indignor
972 586 1171 670 argumentis
1190 586 1395 671 sequentibus
1414 590 1481 650 tam

289 692 381 757 facile
412 695 627 758 transversum
655 693 717 777 agi.
742 691 789 756 At
812 693 956 777 quamvis
979 714 1052 757 vere
1074 691 1210 776 Hippias
1234 692 1353 757 indicet
1375 693 1480 777 leges,

290 819 372 882 quae
403 819 495 882 saepe
521 799 733 883 abrogentur,
759 800 800 878 τῷ
826 797 930 878 lesuin
954 802 1154 882 comparatae
1177 821 1290 882 parum
1313 798 1482 882 gravitatis

289 903 424 981 babere,
448 924 513 968 non
537 904 566 968 ei
588 905 841 969 concludendum
861 909 931 970 erat
948 904 1035 989 leges
1047 926 1217 990 earumque
1230 905 1481 970 observationem

290 1032 356 1076 non
392 1031 459 1076 esse
481 1009 645 1075 οπουδοιῒον
676 1016 825 1090 πρᾶγμα.
861 1013 982 1078 Verum
1015 1012 1131 1076 iterum
1157 1034 1270 1077 moneo
1294 1011 1480 1096 ambiguum
1522 1040 1526 1046 ·

290 1137 357 1181 esse
388 1139 430 1180 an
459 1116 509 1181 his
538 1117 642 1182 verbis
666 1139 779 1182 usurus
801 1117 914 1182 fuisset
936 1116 998 1182 nisi
1020 1122 1209 1202 provocatus
1232 1117 1370 1184 Socratis
1393 1138 1481 1182 com-

289 1223 457 1307 paratione
476 1223 629 1308 justitiae.

337 1329 431 1414 Apud
460 1329 628 1394 Platonem
660 1329 760 1414 (Prot.
793 1349 847 1414 pg.
882 1331 945 1394 337
958 1329 1002 1416 D)
1033 1330 1093 1395 boc
1125 1333 1253 1396 tantum
1276 1329 1481 1396 testificatur:

288 1437 409 1522 legem,
434 1435 600 1500 hominum
622 1439 813 1520 tyrannum,
838 1437 869 1499 vi
888 1426 1051 1521 impellere
1071 1440 1111 1501 ad
1129 1437 1275 1502 facienda
1288 1437 1389 1501 multa
1399 1457 1481 1520 quae

290 1546 423 1606 naturae
445 1545 635 1626 repugnent.
673 1542 711 1606 ld
735 1563 827 1606 nemo
851 1564 968 1628 negare
992 1545 1099 1628 potest
1122 1565 1224 1628 neque
1243 1565 1312 1608 earn
1333 1543 1481 1607 differen·
1583 1522 1590 1532 ’

289 1649 367 1712 tiam
389 1651 517 1713 notasse
539 1649 656 1733 probro
677 1652 741 1732 est,
765 1649 936 1714 dummodo
958 1671 998 1714 ne
1014 1650 1176 1734 juventuti
1187 1650 1336 1716 inculces.
1350 1647 1481 1713 Utinam

289 1755 486 1840 legislatores
516 1776 640 1840 semper
670 1759 802 1819 naturae
829 1755 986 1820 rationem
1018 1755 1223 1820 habuissent!
1255 1754 1406 1839 Iniquum
1433 1756 1483 1818 est

290 1861 325 1924 in
349 1860 409 1926 hac
432 1859 571 1945 Hippiae
593 1861 752 1926 sententia
786 1861 867 1926 nihil
900 1862 1015 1926 vidisse
1045 1862 1107 1926 nisi
1139 1863 1260 1928 fontem
1286 1861 1483 1946 impudentis

291 1965 456 2031 doctrinae
478 1963 634 2031 Oalliolis:
662 1963 726 2030 ndei
750 1969 766 2040 νὶ
787 1966 819 2032 δέ
838 1991 878 2044 νε
900 1968 995 2048 φύσις
1021 1968 1101 2040 adet
1125 1967 1294 2049 οὶοοοφοοίνεν
1318 1966 1414 2044 οὐτὸ,
1436 1963 1482 2032 ὅτι

292 2071 407 2138 blaaudi
433 2072 498 2136 ἐστι
523 2071 573 2136 τὸν
597 2072 713 2149 ἀμείνω
738 2076 792 2138 τοῦ
814 2073 947 2154 χείρονος
973 2073 1067 2138 πλέον
1090 2073 1173 2154 ἔχειν
1196 2073 1247 2138 xxi
1274 2075 1324 2138 rin
1348 2071 1483 2138 δυνοοτῶ-

291 2202 374 2257 τερον
393 2183 445 2242 rot
466 2177 715 2257 οὶδννοιοιοτέρου”
740 2179 836 2264 (Plat.
863 2179 961 2264 Gorg,
987 2199 1041 2265 pg.
1066 2179 1196 2266 4831)).
1230 2179 1372 2244 Primum
1397 2179 1483 2244 enim

291 2284 442 2370 Hippiam
468 2283 502 2348 in
525 2285 669 2349 oratione
692 2285 834 2370 perdita,
859 2307 922 2370 qua
941 2285 1071 2350 induxit
1089 2284 1258 2350 Nestorem
1271 2277 1483 2370 Neoptolemo

291 2393 460 2475 praecepta
480 2390 613 2454 moralia
636 2390 833 2468 tradentem,
858 2390 939 2454 nihil
963 2391 1106 2456 docuisse
1130 2391 1289 2456 diversum
1313 2390 1483 2455 aGraeoo-

291 2513 362 2560 rum
395 2496 535 2561 moribus
566 2499 599 2561 et
628 2496 807 2562 rationibus
838 2497 933 2562 etiam
958 2496 1060 2561 Zeller
1084 2497 1223 2582 conjicit.
1248 2496 1329 2561 l'um
1353 2496 1410 2562 illa
1433 2497 1483 2561 di-

292 2601 440 2679 stinctio,
477 2624 575 2687 quum
606 2605 722 2667 natura
746 2602 831 2667 haud
855 2603 951 2668 dubie
973 2602 1069 2693 toties
1092 2602 1216 2686 legibus
1239 2605 1379 2686 praestet
1401 2624 1483 2687 quo·

291 2709 350 2772 ties
380 2708 467 2792 leges
497 2710 647 2786 naturae,
679 2709 775 2773 etiam
800 2709 969 2773 notionum
994 2712 1027 2772 et
1049 2730 1174 2772 morum
1210 2711 1483 2774 emendandorum

292 2813 364 2877 fons
388 2817 419 2877 et
438 2813 528 2897 origo
548 2813 680 2877 exstitit.
700 2812 785 2877 Nam
806 2813 996 2898 Lycophron
1018 2814 1059 2878 ab
1079 2835 1115 2880 ea
1134 2835 1224 2879 orsus
1243 2813 1369 2899 generis
1389 2814 1483 2879 nobi-

291 2917 415 2981 litatem
446 2917 635 3003 nomine
669 2920 795 2984 tantum
830 2920 996 3004 pulchram
1032 2919 1126 2998 dixit;
1166 2919 1350 2985 Alcidamas
1372 2921 1483 2985 eadem

291 3022 415 3088 ratione
445 3023 562 3102 liberos
593 3028 626 3090 et
648 3046 755 3090 servos
777 3029 893 3092 natura
916 3047 1006 3112 pares
1030 3049 1115 3104 esse,
1140 3048 1207 3092 non
1229 3027 1386 3104 diversos3
1411 3026 1484 3091 alii-

291 3152 351 3215 que
375 3151 501 3196 omnem
525 3131 709 3198 servitutem
733 3132 998 3218 improbaverunt
1021 3113 1069 3197 ut*
1082 3140 1215 3198 naturae
1237 3137 1483 3218 repugnantem.

189 3263 193 3273 ·
291 3237 330 3301 In
354 3237 415 3302 hac
436 3259 471 3302 re
495 3257 570 3322 ergo
593 3238 697 3304 solum
721 3239 838 3324 dogma
861 3238 942 3303 illud
964 3238 1242 3304 vehementissime
1266 3238 1483 3323 improbatum

290 3344 416 3409 invenit
438 3344 604 3409 veritatem
625 3349 657 3409 et
680 3345 892 3429 aequitatem,
912 3367 992 3430 quae
1011 3346 1150 3430 optimos
1169 3343 1306 3410 Graecos
1325 3344 1482 3422 latuerat,

292 3471 354 3535 qua
374 3469 431 3514 nos
449 3450 511 3515 hoo
531 3453 658 3516 demum
679 3471 756 3516 aevo
779 3450 964 3535 gloriamur.

339 3556 571 3642 Aristophanes
595 3557 731 3642 denique
754 3558 789 3621 in
811 3556 960 3623 Nubibus
983 3559 1102 3643 passim
1123 3557 1264 3623 ostendit
1282 3558 1390 3624 studia
1408 3556 1483 3622 rhe-

292 3663 393 3728 torica
412 3664 546 3747 juvenes
568 3664 740 3729 reddidisse
763 3663 931 3749 loquaces,
956 3665 1084 3743 molles,
1109 3663 1316 3730 effeminatos.
1349 3661 1408 3729 Oui
1429 3684 1483 3728 ao·

292 3768 454 3834 cusationi
472 3769 591 3851 partim
619 3769 741 3834 occurri
773 3772 879 3855 potest
909 3791 946 3834 eo
977 3773 1070 3861 quod,
1094 3769 1310 3854 sophistarum
1341 3769 1485 3854 plerique

291 3873 515 3958 gymnasticen
538 3874 653 3939 acriter
676 3876 997 3954 commendaverunt,
1022 3876 1112 3941 libris
1131 3877 1351 3940 tractaverunt
1370 3878 1403 3939 et
1421 3874 1486 3959 ipsi

290 4001 416 4064 quoque
439 3982 657 4045 exercuerunt.

336 4083 410 4150 Jam
433 4085 596 4151 subductis
619 4087 747 4152 calculis
770 4088 1025 4155 concludendum
1049 4093 1096 4154 est
1118 4109 1212 4172 quam
1237 4089 1302 4153 vim
1325 4087 1360 4154 in
1380 4109 1485 4154 mores

306 4228 469 4236 ψ*

289 4293 320 4342 οὔ
335 4291 427 4343 δίκαιον
445 4310 494 4344 esne
511 4293 541 4342 nl
559 4294 606 4342 τοῦ
623 4291 762 4354 κρείττονος
778 4291 912 4356 συμφέρον,
930 4292 1081 4343 asimillime
1093 4293 1257 4358 propositione
1270 4293 1360 4352 ordiri;
1374 4293 1484 4345 aitenim

291 4375 321 4425 τὸ
345 4373 437 4425 δίκαιον
458 4377 484 4426 in
505 4376 579 4426 variis
601 4373 738 4425 civitatibus
761 4390 811 4424 esse
833 4374 896 4440 leges
917 4375 977 4425 letas
994 4373 1023 4424 ab
1039 4375 1069 4424 iis
1088 4375 1129 4439 qni
1146 4375 1275 4441 imperinm
1290 4378 1396 4428 teneant.
1415 4376 1485 4427 Unde

292 4462 390 4525 apparet
407 4474 454 4508 non
469 4458 546 4509 solnm
563 4457 681 4524 sophistae
698 4457 826 4508 sedetiam
843 4460 965 4508 menam
981 4456 1109 4522 eliquendo
1126 4457 1190 4508 tueri
1204 4457 1391 4524 propositiones,
1408 4473 1482 4522 quse,

292 4542 338 4592 nisi
355 4557 447 4592 summa
465 4541 544 4592 centio
561 4540 714 4596 adhibentur,
733 4539 759 4588 in
775 4539 925 4606 turpissimae
941 4538 1070 4590 renuntias
1087 4539 1199 4591 inducere
1216 4539 1315 4606 possint.
