<?xml version="1.0" encoding="UTF-8"?>
<!DOCTYPE html PUBLIC "-//W3C//DTD XHTML 1.0 Transitional//EN"
    "http://www.w3.org/TR/xhtml1/DTD/xhtml1-transitional.dtd">
<html xmlns="http://www.w3.org/1999/xhtml" xml:lang="en" lang="en">
 <head>
  <title>
</title>
<meta http-equiv="Content-Type" content="text/html;charset=utf-8" />
  <meta name='ocr-system' content='tesseract 3.04.00' />
  <meta name='ocr-capabilities' content='ocr_page ocr_carea ocr_par ocr_line ocrx_word'/>
</head>
<body>
  <div class='ocr_page' id='page_1' title='image "./commentatiodeeu00berlgoog_0102.png"; bbox 0 0 3418 5356; ppageno 0'>
   <div class='ocr_carea' id='block_1_1' title="bbox 801 459 845 524">
    <p class='ocr_par' dir='ltr' id='par_1_1' title="bbox 801 459 845 524">
     <span class='ocr_line' id='line_1_1' title="bbox 801 459 845 524; baseline 0.023 -1"><span class='ocrx_word' id='word_1_1' title='bbox 801 459 845 524; x_wconf 80' lang='lat'><strong>87</strong></span> 
     </span>
    </p>
   </div>
   <div class='ocr_carea' id='block_1_2' title="bbox 222 637 1417 4245">
    <p class='ocr_par' dir='ltr' id='par_1_2' title="bbox 223 637 1416 1045">
     <span class='ocr_line' id='line_1_2' title="bbox 227 637 1416 730; baseline 0.002 -25"><span class='ocrx_word' id='word_1_2' title='bbox 227 639 348 705; x_wconf 85' lang='lat' dir='ltr'><strong>bratur.</strong></span> <span class='ocrx_word' id='word_1_3' title='bbox 384 637 414 706; x_wconf 78' lang='lat' dir='ltr'>A</span> <span class='ocrx_word' id='word_1_4' title='bbox 447 639 509 706; x_wconf 91' lang='lat' dir='ltr'><strong>diis</strong></span> <span class='ocrx_word' id='word_1_5' title='bbox 541 640 725 707; x_wconf 91' lang='lat' dir='ltr'><strong>hominibus</strong></span> <span class='ocrx_word' id='word_1_6' title='bbox 759 640 868 706; x_wconf 90' lang='lat' dir='ltr'><strong>omnia</strong></span> <span class='ocrx_word' id='word_1_7' title='bbox 901 640 1053 718; x_wconf 81' lang='lat' dir='ltr'><strong>veniunt3</strong></span> <span class='ocrx_word' id='word_1_8' title='bbox 1087 640 1169 705; x_wconf 90' lang='lat' dir='ltr'><strong>nibil</strong></span> <span class='ocrx_word' id='word_1_9' title='bbox 1202 662 1254 706; x_wconf 91' lang='lat' dir='ltr'><strong>eos</strong></span> <span class='ocrx_word' id='word_1_10' title='bbox 1284 642 1365 707; x_wconf 84' lang='lat' dir='ltr'><strong>latet</strong></span> <span class='ocrx_word' id='word_1_11' title='bbox 1378 639 1416 730; x_wconf 91' lang='lat'><strong>¹).</strong></span> 
     </span>
     <span class='ocr_line' id='line_1_3' title="bbox 226 743 1414 833; baseline 0.003 -23"><span class='ocrx_word' id='word_1_12' title='bbox 226 744 387 832; x_wconf 84' lang='lat' dir='ltr'><strong>Imprimis</strong></span> <span class='ocrx_word' id='word_1_13' title='bbox 415 743 542 832; x_wconf 76' lang='lat' dir='ltr'>Jupiter</span> <span class='ocrx_word' id='word_1_14' title='bbox 573 747 690 812; x_wconf 90' lang='lat' dir='ltr'><strong>dicitur</strong></span> <span class='ocrx_word' id='word_1_15' title='bbox 716 746 859 811; x_wconf 91' lang='lat' dir='ltr'><strong>omnium</strong></span> <span class='ocrx_word' id='word_1_16' title='bbox 894 767 999 812; x_wconf 89' lang='lat' dir='ltr'><strong>rarum</strong></span> <span class='ocrx_word' id='word_1_17' title='bbox 1035 768 1101 812; x_wconf 89' lang='lat' dir='ltr'><strong>esse</strong></span> <span class='ocrx_word' id='word_1_18' title='bbox 1136 767 1255 832; x_wconf 83' lang='lat' dir='ltr'><strong>gnarus</strong></span> <span class='ocrx_word' id='word_1_19' title='bbox 1290 750 1323 812; x_wconf 92' lang='lat' dir='ltr'><strong>et</strong></span> <span class='ocrx_word' id='word_1_20' title='bbox 1356 770 1414 833; x_wconf 93' lang='lat' dir='ltr'><strong>po-</strong></span> 
     </span>
     <span class='ocr_line' id='line_1_4' title="bbox 223 851 1413 938; baseline 0.002 -22"><span class='ocrx_word' id='word_1_21' title='bbox 223 855 312 930; x_wconf 78' lang='lat' dir='ltr'><strong>tens3</strong></span> <span class='ocrx_word' id='word_1_22' title='bbox 343 851 443 917; x_wconf 90' lang='lat' dir='ltr'><strong>totius</strong></span> <span class='ocrx_word' id='word_1_23' title='bbox 474 852 587 917; x_wconf 90' lang='lat' dir='ltr'><strong>mundi</strong></span> <span class='ocrx_word' id='word_1_24' title='bbox 617 853 786 938; x_wconf 86' lang='lat' dir='ltr'><strong>imperium</strong></span> <span class='ocrx_word' id='word_1_25' title='bbox 817 854 922 930; x_wconf 86' lang='lat' dir='ltr'><strong>tenet,</strong></span> <span class='ocrx_word' id='word_1_26' title='bbox 956 853 1100 917; x_wconf 90' lang='lat' dir='ltr'><strong>omnium</strong></span> <span class='ocrx_word' id='word_1_27' title='bbox 1123 873 1228 917; x_wconf 88' lang='lat' dir='ltr'><strong>reram</strong></span> <span class='ocrx_word' id='word_1_28' title='bbox 1252 857 1300 918; x_wconf 90' lang='lat' dir='ltr'><strong>est</strong></span> <span class='ocrx_word' id='word_1_29' title='bbox 1321 853 1413 938; x_wconf 90' lang='lat' dir='ltr'><strong>priu-</strong></span> 
     </span>
     <span class='ocr_line' id='line_1_5' title="bbox 223 957 1062 1045; baseline 0.001 -23"><span class='ocrx_word' id='word_1_30' title='bbox 223 957 340 1042; x_wconf 92' lang='lat' dir='ltr'><strong>cipium</strong></span> <span class='ocrx_word' id='word_1_31' title='bbox 354 957 391 1045; x_wconf 79' lang='lat'><strong>⁹).</strong></span> <span class='ocrx_word' id='word_1_32' title='bbox 1058 964 1062 972; x_wconf 91' lang='lat'>&#39;</span> 
     </span>
    </p>

    <p class='ocr_par' dir='ltr' id='par_1_3' title="bbox 222 1062 1417 3494">
     <span class='ocr_line' id='line_1_6' title="bbox 267 1062 1414 1152; baseline 0.001 -21"><span class='ocrx_word' id='word_1_33' title='bbox 267 1063 320 1131; x_wconf 89' lang='lat' dir='ltr'><strong>Sic</strong></span> <span class='ocrx_word' id='word_1_34' title='bbox 343 1062 489 1150; x_wconf 88' lang='lat' dir='ltr'><strong>Jupiter,</strong></span> <span class='ocrx_word' id='word_1_35' title='bbox 514 1087 586 1131; x_wconf 90' lang='lat' dir='ltr'><strong>cum</strong></span> <span class='ocrx_word' id='word_1_36' title='bbox 609 1066 644 1130; x_wconf 92' lang='lat' dir='ltr'><strong>in</strong></span> <span class='ocrx_word' id='word_1_37' title='bbox 668 1088 739 1131; x_wconf 89' lang='lat' dir='ltr'><strong>eum</strong></span> <span class='ocrx_word' id='word_1_38' title='bbox 763 1088 888 1131; x_wconf 86' lang='lat' dir='ltr'><strong>summa</strong></span> <span class='ocrx_word' id='word_1_39' title='bbox 906 1065 1103 1131; x_wconf 86' lang='lat' dir='ltr'><strong>conferretur</strong></span> <span class='ocrx_word' id='word_1_40' title='bbox 1121 1070 1281 1152; x_wconf 87' lang='lat' dir='ltr'><strong>potestas,</strong></span> <span class='ocrx_word' id='word_1_41' title='bbox 1302 1067 1414 1152; x_wconf 89' lang='lat' dir='ltr'><strong>paula·</strong></span> 
     </span>
     <span class='ocr_line' id='line_1_7' title="bbox 223 1169 1412 1258; baseline 0.002 -22"><span class='ocrx_word' id='word_1_42' title='bbox 223 1169 281 1236; x_wconf 92' lang='lat' dir='ltr'><strong>tim</strong></span> <span class='ocrx_word' id='word_1_43' title='bbox 305 1171 456 1236; x_wconf 86' lang='lat' dir='ltr'><strong>successit</strong></span> <span class='ocrx_word' id='word_1_44' title='bbox 477 1171 511 1236; x_wconf 90' lang='lat' dir='ltr'><strong>in</strong></span> <span class='ocrx_word' id='word_1_45' title='bbox 535 1172 641 1236; x_wconf 93' lang='lat' dir='ltr'><strong>locum</strong></span> <span class='ocrx_word' id='word_1_46' title='bbox 664 1174 771 1253; x_wconf 73' lang='grc' dir='ltr'><strong><em>μοίρας</em></strong></span> <span class='ocrx_word' id='word_1_47' title='bbox 792 1170 989 1238; x_wconf 76' lang='lat' dir='ltr'>Homericae.</span> <span class='ocrx_word' id='word_1_48' title='bbox 1009 1171 1078 1237; x_wconf 88' lang='lat' dir='ltr'><strong>Nec</strong></span> <span class='ocrx_word' id='word_1_49' title='bbox 1090 1173 1216 1240; x_wconf 91' lang='lat' dir='ltr'><strong>mirum.</strong></span> <span class='ocrx_word' id='word_1_50' title='bbox 1241 1173 1412 1258; x_wconf 87' lang='lat' dir='ltr'><strong>Postquam</strong></span> 
     </span>
     <span class='ocr_line' id='line_1_8' title="bbox 222 1277 1415 1364; baseline 0.003 -22"><span class='ocrx_word' id='word_1_51' title='bbox 222 1277 307 1342; x_wconf 89' lang='lat' dir='ltr'><strong>enim</strong></span> <span class='ocrx_word' id='word_1_52' title='bbox 330 1277 399 1363; x_wconf 89' lang='lat' dir='ltr'><strong>ipse</strong></span> <span class='ocrx_word' id='word_1_53' title='bbox 422 1277 504 1343; x_wconf 92' lang='lat' dir='ltr'><strong>nulli</strong></span> <span class='ocrx_word' id='word_1_54' title='bbox 527 1279 680 1363; x_wconf 75' lang='lat' dir='ltr'><strong>pravitati</strong></span> <span class='ocrx_word' id='word_1_55' title='bbox 702 1279 877 1358; x_wconf 86' lang='lat' dir='ltr'><strong>obnoxius,</strong></span> <span class='ocrx_word' id='word_1_56' title='bbox 903 1300 1027 1344; x_wconf 90' lang='lat' dir='ltr'><strong>morum</strong></span> <span class='ocrx_word' id='word_1_57' title='bbox 1051 1282 1237 1345; x_wconf 85' lang='lat' dir='ltr'><strong>sanctorum</strong></span> <span class='ocrx_word' id='word_1_58' title='bbox 1262 1284 1415 1364; x_wconf 86' lang='lat' dir='ltr'><strong>patronus</strong></span> 
     </span>
     <span class='ocr_line' id='line_1_9' title="bbox 222 1383 1416 1470; baseline 0.002 -21"><span class='ocrx_word' id='word_1_59' title='bbox 222 1385 345 1464; x_wconf 82' lang='lat' dir='ltr'><strong>certus,</strong></span> <span class='ocrx_word' id='word_1_60' title='bbox 370 1383 458 1450; x_wconf 87' lang='lat' dir='ltr'><strong>ultor</strong></span> <span class='ocrx_word' id='word_1_61' title='bbox 480 1384 632 1450; x_wconf 88' lang='lat' dir='ltr'><strong>scelerum</strong></span> <span class='ocrx_word' id='word_1_62' title='bbox 656 1407 781 1450; x_wconf 84' lang='lat' dir='ltr'><strong>severus</strong></span> <span class='ocrx_word' id='word_1_63' title='bbox 806 1386 891 1450; x_wconf 79' lang='lat' dir='ltr'><strong>viem</strong></span> <span class='ocrx_word' id='word_1_64' title='bbox 916 1388 981 1464; x_wconf 84' lang='lat' dir='ltr'><strong>est,</strong></span> <span class='ocrx_word' id='word_1_65' title='bbox 1007 1385 1089 1450; x_wconf 88' lang='lat' dir='ltr'><strong>nihil</strong></span> <span class='ocrx_word' id='word_1_66' title='bbox 1108 1385 1246 1470; x_wconf 88' lang='lat' dir='ltr'><strong>amplius</strong></span> <span class='ocrx_word' id='word_1_67' title='bbox 1267 1386 1416 1451; x_wconf 73' lang='lat' dir='ltr'><strong>obstabat</strong></span> 
     </span>
     <span class='ocr_line' id='line_1_10' title="bbox 223 1489 1416 1576; baseline 0.003 -21"><span class='ocrx_word' id='word_1_68' title='bbox 223 1489 395 1575; x_wconf 81' lang='lat' dir='ltr'><strong>quominus</strong></span> <span class='ocrx_word' id='word_1_69' title='bbox 425 1490 455 1556; x_wconf 83' lang='lat' dir='ltr'><strong>ei</strong></span> <span class='ocrx_word' id='word_1_70' title='bbox 485 1513 643 1556; x_wconf 90' lang='lat' dir='ltr'><strong>summum</strong></span> <span class='ocrx_word' id='word_1_71' title='bbox 666 1513 771 1557; x_wconf 91' lang='lat' dir='ltr'><strong>rerum</strong></span> <span class='ocrx_word' id='word_1_72' title='bbox 796 1491 964 1576; x_wconf 86' lang='lat' dir='ltr'><strong>imperium</strong></span> <span class='ocrx_word' id='word_1_73' title='bbox 988 1491 1172 1558; x_wconf 82' lang='lat' dir='ltr'><strong>deferretur.</strong></span> <span class='ocrx_word' id='word_1_74' title='bbox 1197 1491 1305 1556; x_wconf 82' lang='lat' dir='ltr'><strong>Etiam</strong></span> <span class='ocrx_word' id='word_1_75' title='bbox 1330 1514 1416 1558; x_wconf 89' lang='lat' dir='ltr'><strong>nunc</strong></span> 
     </span>
     <span class='ocr_line' id='line_1_11' title="bbox 225 1597 1414 1685; baseline 0.002 -23"><span class='ocrx_word' id='word_1_76' title='bbox 225 1597 352 1683; x_wconf 86' lang='lat' dir='ltr'><strong>quidem</strong></span> <span class='ocrx_word' id='word_1_77' title='bbox 388 1606 480 1678; x_wconf 74' lang='grc' dir='ltr'><strong><em>μοῖραι</em></strong></span> <span class='ocrx_word' id='word_1_78' title='bbox 515 1619 608 1685; x_wconf 87' lang='lat' dir='ltr'><strong>saepe</strong></span> <span class='ocrx_word' id='word_1_79' title='bbox 643 1601 909 1664; x_wconf 88' lang='lat' dir='ltr'><strong>commemoratur</strong></span> <span class='ocrx_word' id='word_1_80' title='bbox 943 1619 1000 1664; x_wconf 88' lang='lat' dir='ltr'><strong>nec</strong></span> <span class='ocrx_word' id='word_1_81' title='bbox 1032 1620 1098 1663; x_wconf 89' lang='lat' dir='ltr'><strong>nou</strong></span> <span class='ocrx_word' id='word_1_82' title='bbox 1128 1601 1229 1683; x_wconf 70' lang='grc' dir='ltr'><strong><em>τοχίι,</em></strong></span> <span class='ocrx_word' id='word_1_83' title='bbox 1263 1598 1317 1664; x_wconf 88' lang='lat' dir='ltr'><strong>sed</strong></span> <span class='ocrx_word' id='word_1_84' title='bbox 1348 1621 1414 1664; x_wconf 92' lang='lat' dir='ltr'><strong>non</strong></span> 
     </span>
     <span class='ocr_line' id='line_1_12' title="bbox 225 1703 1416 1790; baseline 0.003 -22"><span class='ocrx_word' id='word_1_85' title='bbox 225 1703 361 1789; x_wconf 88' lang='lat' dir='ltr'><strong>amplius</strong></span> <span class='ocrx_word' id='word_1_86' title='bbox 383 1703 511 1790; x_wconf 83' lang='lat' dir='ltr'><strong>Jupiter</strong></span> <span class='ocrx_word' id='word_1_87' title='bbox 534 1704 658 1770; x_wconf 89' lang='lat' dir='ltr'><strong>diversa</strong></span> <span class='ocrx_word' id='word_1_88' title='bbox 681 1705 780 1790; x_wconf 82' lang='lat' dir='ltr'><strong>petit3</strong></span> <span class='ocrx_word' id='word_1_89' title='bbox 803 1705 839 1769; x_wconf 89' lang='lat' dir='ltr'><strong>in</strong></span> <span class='ocrx_word' id='word_1_90' title='bbox 862 1704 946 1770; x_wconf 91' lang='lat' dir='ltr'><strong>idem</strong></span> <span class='ocrx_word' id='word_1_91' title='bbox 971 1725 1090 1770; x_wconf 88' lang='lat' dir='ltr'><strong>numen</strong></span> <span class='ocrx_word' id='word_1_92' title='bbox 1113 1704 1179 1770; x_wconf 88' lang='lat' dir='ltr'><strong>fare</strong></span> <span class='ocrx_word' id='word_1_93' title='bbox 1203 1703 1327 1770; x_wconf 80' lang='lat' dir='ltr'><strong>confusi</strong></span> <span class='ocrx_word' id='word_1_94' title='bbox 1349 1727 1416 1771; x_wconf 88' lang='lat' dir='ltr'><strong>esse</strong></span> 
     </span>
     <span class='ocr_line' id='line_1_13' title="bbox 226 1808 1416 1897; baseline 0.002 -23"><span class='ocrx_word' id='word_1_95' title='bbox 226 1808 392 1888; x_wconf 86' lang='lat' dir='ltr'><strong>videntur,</strong></span> <span class='ocrx_word' id='word_1_96' title='bbox 424 1812 457 1875; x_wconf 88' lang='lat' dir='ltr'><strong>et</strong></span> <span class='ocrx_word' id='word_1_97' title='bbox 486 1813 569 1890; x_wconf 75' lang='grc' dir='ltr'><strong><em>τοχίι</em></strong></span> <span class='ocrx_word' id='word_1_98' title='bbox 599 1810 686 1876; x_wconf 84' lang='lat' dir='ltr'><strong>facta</strong></span> <span class='ocrx_word' id='word_1_99' title='bbox 713 1815 762 1876; x_wconf 85' lang='lat' dir='ltr'><strong>est</strong></span> <span class='ocrx_word' id='word_1_100' title='bbox 788 1809 879 1876; x_wconf 88' lang='lat' dir='ltr'><strong>Jovis</strong></span> <span class='ocrx_word' id='word_1_101' title='bbox 902 1811 978 1878; x_wconf 86' lang='lat' dir='ltr'><strong>filia.</strong></span> <span class='ocrx_word' id='word_1_102' title='bbox 1003 1810 1138 1875; x_wconf 88' lang='lat' dir='ltr'><strong>Miretur</strong></span> <span class='ocrx_word' id='word_1_103' title='bbox 1162 1811 1232 1896; x_wconf 88' lang='lat' dir='ltr'><strong>quis</strong></span> <span class='ocrx_word' id='word_1_104' title='bbox 1254 1813 1416 1897; x_wconf 90' lang='lat' dir='ltr'><strong>quomodo</strong></span> 
     </span>
     <span class='ocr_line' id='line_1_14' title="bbox 225 1915 1415 2003; baseline 0.003 -23"><span class='ocrx_word' id='word_1_105' title='bbox 225 1917 337 2000; x_wconf 88' lang='lat' dir='ltr'><strong>poetae</strong></span> <span class='ocrx_word' id='word_1_106' title='bbox 367 1915 446 1982; x_wconf 83' lang='lat' dir='ltr'><strong>baec</strong></span> <span class='ocrx_word' id='word_1_107' title='bbox 476 1917 586 1983; x_wconf 87' lang='lat' dir='ltr'><strong>omnia</strong></span> <span class='ocrx_word' id='word_1_108' title='bbox 610 1940 682 1983; x_wconf 88' lang='lat' dir='ltr'><strong>cum</strong></span> <span class='ocrx_word' id='word_1_109' title='bbox 707 1917 793 1983; x_wconf 89' lang='lat' dir='ltr'><strong>notis</strong></span> <span class='ocrx_word' id='word_1_110' title='bbox 817 1918 948 1982; x_wconf 86' lang='lat' dir='ltr'><strong>deorum</strong></span> <span class='ocrx_word' id='word_1_111' title='bbox 971 1917 1057 1982; x_wconf 91' lang='lat' dir='ltr'><strong>vitiis</strong></span> <span class='ocrx_word' id='word_1_112' title='bbox 1079 1918 1274 2003; x_wconf 83' lang='lat' dir='ltr'><strong>flagitiisque</strong></span> <span class='ocrx_word' id='word_1_113' title='bbox 1298 1940 1415 1984; x_wconf 89' lang='lat' dir='ltr'><strong>conve·</strong></span> 
     </span>
     <span class='ocr_line' id='line_1_15' title="bbox 226 2023 1417 2108; baseline 0.001 -20"><span class='ocrx_word' id='word_1_114' title='bbox 226 2023 294 2088; x_wconf 84' lang='lat' dir='ltr'><strong>nire</strong></span> <span class='ocrx_word' id='word_1_115' title='bbox 325 2023 519 2108; x_wconf 89' lang='lat' dir='ltr'><strong>putaverint.</strong></span> <span class='ocrx_word' id='word_1_116' title='bbox 552 2023 696 2089; x_wconf 88' lang='lat' dir='ltr'><strong>Primum</strong></span> <span class='ocrx_word' id='word_1_117' title='bbox 726 2025 876 2090; x_wconf 90' lang='lat' dir='ltr'><strong>videntur</strong></span> <span class='ocrx_word' id='word_1_118' title='bbox 899 2024 978 2089; x_wconf 91' lang='lat' dir='ltr'><strong>mihi</strong></span> <span class='ocrx_word' id='word_1_119' title='bbox 1002 2025 1145 2089; x_wconf 90' lang='lat' dir='ltr'><strong>nondum</strong></span> <span class='ocrx_word' id='word_1_120' title='bbox 1169 2035 1327 2090; x_wconf 85' lang='lat' dir='ltr'><strong>summam</strong></span> <span class='ocrx_word' id='word_1_121' title='bbox 1351 2025 1417 2089; x_wconf 89' lang='lat' dir='ltr'><strong>vir-</strong></span> 
     </span>
     <span class='ocr_line' id='line_1_16' title="bbox 226 2129 1416 2216; baseline 0.003 -23"><span class='ocrx_word' id='word_1_122' title='bbox 226 2131 325 2194; x_wconf 86' lang='lat' dir='ltr'><strong>tntsm</strong></span> <span class='ocrx_word' id='word_1_123' title='bbox 361 2130 397 2195; x_wconf 91' lang='lat' dir='ltr'><strong>in</strong></span> <span class='ocrx_word' id='word_1_124' title='bbox 426 2131 465 2196; x_wconf 94' lang='lat' dir='ltr'><strong>iis</strong></span> <span class='ocrx_word' id='word_1_125' title='bbox 494 2131 702 2208; x_wconf 86' lang='lat' dir='ltr'><strong>desiderasse;</strong></span> <span class='ocrx_word' id='word_1_126' title='bbox 738 2131 822 2216; x_wconf 81' lang='lat' dir='ltr'><strong>grati</strong></span> <span class='ocrx_word' id='word_1_127' title='bbox 851 2131 952 2215; x_wconf 82' lang='lat' dir='ltr'><strong>igitur</strong></span> <span class='ocrx_word' id='word_1_128' title='bbox 981 2129 1220 2196; x_wconf 80' lang='lat' dir='ltr'><strong>venerabantur</strong></span> <span class='ocrx_word' id='word_1_129' title='bbox 1242 2132 1416 2216; x_wconf 89' lang='lat' dir='ltr'><strong>quodquod</strong></span> 
     </span>
     <span class='ocr_line' id='line_1_17' title="bbox 225 2235 1416 2322; baseline 0.001 -23"><span class='ocrx_word' id='word_1_130' title='bbox 225 2235 400 2320; x_wconf 85' lang='lat' dir='ltr'><strong>sapientiae</strong></span> <span class='ocrx_word' id='word_1_131' title='bbox 426 2237 631 2322; x_wconf 84' lang='lat' dir='ltr'><strong>justitiaeque</strong></span> <span class='ocrx_word' id='word_1_132' title='bbox 662 2237 888 2303; x_wconf 75' lang='lat' dir='ltr'><strong>documentum</strong></span> <span class='ocrx_word' id='word_1_133' title='bbox 914 2236 1202 2321; x_wconf 86' lang='lat' dir='ltr'><strong>deprehendebant.</strong></span> <span class='ocrx_word' id='word_1_134' title='bbox 1235 2236 1317 2300; x_wconf 81' lang='lat' dir='ltr'><strong>Tum</strong></span> <span class='ocrx_word' id='word_1_135' title='bbox 1341 2237 1416 2321; x_wconf 89' lang='lat' dir='ltr'><strong>quia</strong></span> 
     </span>
     <span class='ocr_line' id='line_1_18' title="bbox 226 2342 1415 2429; baseline 0.002 -23"><span class='ocrx_word' id='word_1_136' title='bbox 226 2362 291 2407; x_wconf 90' lang='lat' dir='ltr'><strong>non</strong></span> <span class='ocrx_word' id='word_1_137' title='bbox 314 2344 490 2408; x_wconf 88' lang='lat' dir='ltr'><strong>necessario</strong></span> <span class='ocrx_word' id='word_1_138' title='bbox 514 2344 537 2408; x_wconf 93' lang='lat' dir='ltr'><strong>ii</strong></span> <span class='ocrx_word' id='word_1_139' title='bbox 560 2343 665 2429; x_wconf 84' lang='lat' dir='ltr'><strong>mytbi</strong></span> <span class='ocrx_word' id='word_1_140' title='bbox 688 2344 744 2429; x_wconf 91' lang='lat' dir='ltr'><strong>qui</strong></span> <span class='ocrx_word' id='word_1_141' title='bbox 766 2365 874 2409; x_wconf 88' lang='lat' dir='ltr'><strong>eorum</strong></span> <span class='ocrx_word' id='word_1_142' title='bbox 897 2342 1088 2429; x_wconf 90' lang='lat' dir='ltr'><strong>pravitatem</strong></span> <span class='ocrx_word' id='word_1_143' title='bbox 1106 2343 1318 2407; x_wconf 90' lang='lat' dir='ltr'><strong>ostendebant</strong></span> <span class='ocrx_word' id='word_1_144' title='bbox 1329 2345 1415 2408; x_wconf 91' lang='lat' dir='ltr'><strong>trac·</strong></span> 
     </span>
     <span class='ocr_line' id='line_1_19' title="bbox 225 2447 1415 2536; baseline 0.001 -23"><span class='ocrx_word' id='word_1_145' title='bbox 225 2449 315 2513; x_wconf 74' lang='lat' dir='ltr'><strong>unni</strong></span> <span class='ocrx_word' id='word_1_146' title='bbox 345 2451 456 2529; x_wconf 86' lang='lat' dir='ltr'><strong>erant,</strong></span> <span class='ocrx_word' id='word_1_147' title='bbox 490 2451 737 2536; x_wconf 89' lang='lat' dir='ltr'><strong>discrepantiam</strong></span> <span class='ocrx_word' id='word_1_148' title='bbox 773 2471 844 2515; x_wconf 88' lang='lat' dir='ltr'><strong>raro</strong></span> <span class='ocrx_word' id='word_1_149' title='bbox 876 2449 1183 2514; x_wconf 77' lang='lat' dir='ltr'><strong>animadvertebant.</strong></span> <span class='ocrx_word' id='word_1_150' title='bbox 1214 2447 1283 2515; x_wconf 88' lang='lat' dir='ltr'><strong>Nec</strong></span> <span class='ocrx_word' id='word_1_151' title='bbox 1307 2453 1415 2514; x_wconf 89' lang='lat' dir='ltr'><strong>tamen</strong></span> 
     </span>
     <span class='ocr_line' id='line_1_20' title="bbox 227 2551 1413 2648; baseline 0.001 -29"><span class='ocrx_word' id='word_1_152' title='bbox 227 2551 401 2620; x_wconf 85' lang='lat' dir='ltr'><strong>Pindarum</strong></span> <span class='ocrx_word' id='word_1_153' title='bbox 419 2560 504 2622; x_wconf 83' lang='lat' dir='ltr'><strong>certe</strong></span> <span class='ocrx_word' id='word_1_154' title='bbox 524 2578 593 2622; x_wconf 89' lang='lat' dir='ltr'><strong>eam</strong></span> <span class='ocrx_word' id='word_1_155' title='bbox 612 2556 731 2648; x_wconf 79' lang='lat' dir='ltr'><strong>fugisse</strong></span> <span class='ocrx_word' id='word_1_156' title='bbox 742 2556 905 2621; x_wconf 88' lang='lat' dir='ltr'><strong>luculenta</strong></span> <span class='ocrx_word' id='word_1_157' title='bbox 917 2555 1070 2640; x_wconf 88' lang='lat' dir='ltr'><strong>quaedam</strong></span> <span class='ocrx_word' id='word_1_158' title='bbox 1083 2555 1248 2621; x_wconf 88' lang='lat' dir='ltr'><strong>declarant</strong></span> <span class='ocrx_word' id='word_1_159' title='bbox 1260 2556 1413 2640; x_wconf 85' lang='lat' dir='ltr'><strong>exempla.</strong></span> 
     </span>
     <span class='ocr_line' id='line_1_21' title="bbox 227 2659 1414 2748; baseline 0.001 -22"><span class='ocrx_word' id='word_1_160' title='bbox 227 2659 409 2747; x_wconf 81' lang='lat' dir='ltr'><strong>Aliquando</strong></span> <span class='ocrx_word' id='word_1_161' title='bbox 431 2664 516 2729; x_wconf 90' lang='lat' dir='ltr'><strong>enim</strong></span> <span class='ocrx_word' id='word_1_162' title='bbox 539 2663 575 2727; x_wconf 89' lang='lat' dir='ltr'><strong>in</strong></span> <span class='ocrx_word' id='word_1_163' title='bbox 598 2663 702 2728; x_wconf 91' lang='lat' dir='ltr'><strong>media</strong></span> <span class='ocrx_word' id='word_1_164' title='bbox 724 2662 907 2729; x_wconf 82' lang='lat' dir='ltr'><strong>narratione</strong></span> <span class='ocrx_word' id='word_1_165' title='bbox 930 2662 1077 2728; x_wconf 78' lang='lat' dir='ltr'><strong>subsistit</strong></span> <span class='ocrx_word' id='word_1_166' title='bbox 1099 2683 1158 2728; x_wconf 87' lang='lat' dir='ltr'><strong>nec</strong></span> <span class='ocrx_word' id='word_1_167' title='bbox 1175 2683 1307 2748; x_wconf 83' lang='lat' dir='ltr'><strong>pergere</strong></span> <span class='ocrx_word' id='word_1_168' title='bbox 1326 2662 1414 2741; x_wconf 86' lang='lat' dir='ltr'><strong>vult,</strong></span> 
     </span>
     <span class='ocr_line' id='line_1_22' title="bbox 226 2765 1415 2856; baseline 0.002 -25"><span class='ocrx_word' id='word_1_169' title='bbox 226 2765 360 2834; x_wconf 84' lang='lat' dir='ltr'><strong>honesta</strong></span> <span class='ocrx_word' id='word_1_170' title='bbox 391 2773 517 2836; x_wconf 85' lang='lat' dir='ltr'><strong>tantum</strong></span> <span class='ocrx_word' id='word_1_171' title='bbox 549 2771 588 2835; x_wconf 95' lang='lat' dir='ltr'><strong>de</strong></span> <span class='ocrx_word' id='word_1_172' title='bbox 618 2770 678 2835; x_wconf 90' lang='lat' dir='ltr'><strong>diis</strong></span> <span class='ocrx_word' id='word_1_173' title='bbox 709 2771 869 2835; x_wconf 86' lang='lat' dir='ltr'><strong>narranda</strong></span> <span class='ocrx_word' id='word_1_174' title='bbox 892 2791 959 2834; x_wconf 89' lang='lat' dir='ltr'><strong>esse</strong></span> <span class='ocrx_word' id='word_1_175' title='bbox 980 2773 1103 2834; x_wconf 83' lang='lat' dir='ltr'><strong>testans</strong></span> <span class='ocrx_word' id='word_1_176' title='bbox 1126 2767 1191 2854; x_wconf 86' lang='lat'>(01.</span> <span class='ocrx_word' id='word_1_177' title='bbox 1216 2768 1240 2833; x_wconf 92' lang='lat' dir='ltr'><strong>l.</strong></span> <span class='ocrx_word' id='word_1_178' title='bbox 1268 2767 1321 2847; x_wconf 81' lang='lat'><strong>35,</strong></span> <span class='ocrx_word' id='word_1_179' title='bbox 1347 2767 1415 2856; x_wconf 81' lang='lat'><strong>52).</strong></span> 
     </span>
     <span class='ocr_line' id='line_1_23' title="bbox 226 2873 1413 2962; baseline 0.002 -24"><span class='ocrx_word' id='word_1_180' title='bbox 226 2873 312 2941; x_wconf 79' lang='lat' dir='ltr'><strong>Alibi</strong></span> <span class='ocrx_word' id='word_1_181' title='bbox 335 2876 431 2962; x_wconf 91' lang='lat' dir='ltr'><strong>plane</strong></span> <span class='ocrx_word' id='word_1_182' title='bbox 449 2876 600 2942; x_wconf 88' lang='lat' dir='ltr'><strong>enunciat</strong></span> <span class='ocrx_word' id='word_1_183' title='bbox 623 2876 842 2942; x_wconf 88' lang='lat' dir='ltr'><strong>celandum</strong></span> <span class='ocrx_word' id='word_1_184' title='bbox 867 2897 934 2942; x_wconf 85' lang='lat' dir='ltr'><strong>esse</strong></span> <span class='ocrx_word' id='word_1_185' title='bbox 953 2874 981 2940; x_wconf 76' lang='lat' dir='ltr'><strong>el</strong></span> <span class='ocrx_word' id='word_1_186' title='bbox 999 2899 1044 2948; x_wconf 78' lang='grc' dir='ltr'><strong>τις</strong></span> <span class='ocrx_word' id='word_1_187' title='bbox 1066 2875 1241 2955; x_wconf 70' lang='grc' dir='ltr'><strong><em>ἀνθρώποισι</em></strong></span> <span class='ocrx_word' id='word_1_188' title='bbox 1262 2875 1413 2950; x_wconf 63' lang='lat' dir='ltr'><strong>celatam</strong></span> 
     </span>
     <span class='ocr_line' id='line_1_24' title="bbox 227 2979 1414 3068; baseline 0.002 -23"><span class='ocrx_word' id='word_1_189' title='bbox 227 2979 290 3046; x_wconf 77' lang='lat' dir='ltr'><strong>aira</strong></span> <span class='ocrx_word' id='word_1_190' title='bbox 321 2984 500 3064; x_wconf 77' lang='grc' dir='ltr'><strong><em>προστύχοι.</em></strong></span> <span class='ocrx_word' id='word_1_191' title='bbox 531 2982 582 3049; x_wconf 87' lang='lat' dir='ltr'><strong>Sic</strong></span> <span class='ocrx_word' id='word_1_192' title='bbox 613 2987 670 3048; x_wconf 87' lang='lat' dir='ltr'><strong>est.</strong></span> <span class='ocrx_word' id='word_1_193' title='bbox 701 2982 735 3049; x_wconf 84' lang='lat' dir='ltr'><strong>si</strong></span> <span class='ocrx_word' id='word_1_194' title='bbox 765 2983 880 3068; x_wconf 91' lang='lat' dir='ltr'><strong>quibus</strong></span> <span class='ocrx_word' id='word_1_195' title='bbox 904 2982 1035 3047; x_wconf 89' lang='lat' dir='ltr'><strong>deorum</strong></span> <span class='ocrx_word' id='word_1_196' title='bbox 1059 2985 1176 3047; x_wconf 88' lang='lat' dir='ltr'><strong>natura</strong></span> <span class='ocrx_word' id='word_1_197' title='bbox 1198 3004 1218 3046; x_wconf 90' lang='lat' dir='ltr'><strong>a</strong></span> <span class='ocrx_word' id='word_1_198' title='bbox 1241 2982 1414 3048; x_wconf 89' lang='lat' dir='ltr'><strong>maioribus</strong></span> 
     </span>
     <span class='ocr_line' id='line_1_25' title="bbox 226 3089 1414 3168; baseline -0.001 -14"><span class='ocrx_word' id='word_1_199' title='bbox 226 3091 344 3155; x_wconf 88' lang='lat' dir='ltr'><strong>tradita</strong></span> <span class='ocrx_word' id='word_1_200' title='bbox 374 3095 407 3156; x_wconf 92' lang='lat' dir='ltr'><strong>st</strong></span> <span class='ocrx_word' id='word_1_201' title='bbox 436 3091 530 3156; x_wconf 69' lang='lat' dir='ltr'><strong>dmul</strong></span> <span class='ocrx_word' id='word_1_202' title='bbox 559 3113 669 3156; x_wconf 87' lang='lat' dir='ltr'><strong>eorum</strong></span> <span class='ocrx_word' id='word_1_203' title='bbox 698 3090 852 3156; x_wconf 74' lang='lat' dir='ltr'><strong>sanctitas</strong></span> <span class='ocrx_word' id='word_1_204' title='bbox 875 3111 968 3154; x_wconf 89' lang='lat' dir='ltr'><strong>curae</strong></span> <span class='ocrx_word' id='word_1_205' title='bbox 990 3093 1077 3168; x_wconf 86' lang='lat' dir='ltr'><strong>erat,</strong></span> <span class='ocrx_word' id='word_1_206' title='bbox 1101 3109 1154 3154; x_wconf 86' lang='lat' dir='ltr'><strong>eos</strong></span> <span class='ocrx_word' id='word_1_207' title='bbox 1178 3089 1324 3165; x_wconf 78' lang='lat' dir='ltr'><strong>existimo</strong></span> <span class='ocrx_word' id='word_1_208' title='bbox 1347 3111 1414 3155; x_wconf 90' lang='lat' dir='ltr'><strong>non</strong></span> 
     </span>
     <span class='ocr_line' id='line_1_26' title="bbox 226 3195 1414 3282; baseline 0 -22"><span class='ocrx_word' id='word_1_209' title='bbox 226 3195 397 3281; x_wconf 81' lang='lat' dir='ltr'><strong>diligenter</strong></span> <span class='ocrx_word' id='word_1_210' title='bbox 429 3197 676 3282; x_wconf 84' lang='lat' dir='ltr'><strong>pervestiganda</strong></span> <span class='ocrx_word' id='word_1_211' title='bbox 711 3197 765 3262; x_wconf 88' lang='lat' dir='ltr'><strong>sed</strong></span> <span class='ocrx_word' id='word_1_212' title='bbox 797 3197 929 3261; x_wconf 87' lang='lat' dir='ltr'><strong>celanda</strong></span> <span class='ocrx_word' id='word_1_213' title='bbox 963 3197 1069 3282; x_wconf 90' lang='lat' dir='ltr'><strong>potius</strong></span> <span class='ocrx_word' id='word_1_214' title='bbox 1104 3218 1204 3282; x_wconf 86' lang='lat' dir='ltr'><strong>prava</strong></span> <span class='ocrx_word' id='word_1_215' title='bbox 1237 3195 1414 3276; x_wconf 85' lang='lat' dir='ltr'><strong>censuisse,</strong></span> 
     </span>
     <span class='ocr_line' id='line_1_27' title="bbox 226 3301 1413 3390; baseline 0.003 -25"><span class='ocrx_word' id='word_1_216' title='bbox 226 3305 257 3366; x_wconf 88' lang='lat' dir='ltr'><strong>et</strong></span> <span class='ocrx_word' id='word_1_217' title='bbox 287 3301 332 3366; x_wconf 93' lang='lat' dir='ltr'><strong>sic</strong></span> <span class='ocrx_word' id='word_1_218' title='bbox 361 3302 481 3368; x_wconf 76' lang='lat' dir='ltr'><strong>factam</strong></span> <span class='ocrx_word' id='word_1_219' title='bbox 512 3325 579 3369; x_wconf 88' lang='lat' dir='ltr'><strong>esse</strong></span> <span class='ocrx_word' id='word_1_220' title='bbox 611 3306 649 3367; x_wconf 93' lang='lat' dir='ltr'><strong>ut</strong></span> <span class='ocrx_word' id='word_1_221' title='bbox 671 3325 737 3368; x_wconf 89' lang='lat' dir='ltr'><strong>nou</strong></span> <span class='ocrx_word' id='word_1_222' title='bbox 760 3303 978 3388; x_wconf 80' lang='lat' dir='ltr'><strong>perspicerent</strong></span> <span class='ocrx_word' id='word_1_223' title='bbox 1000 3303 1079 3368; x_wconf 89' lang='lat' dir='ltr'><strong>duas</strong></span> <span class='ocrx_word' id='word_1_224' title='bbox 1099 3302 1172 3368; x_wconf 89' lang='lat' dir='ltr'><strong>illae</strong></span> <span class='ocrx_word' id='word_1_225' title='bbox 1195 3325 1245 3368; x_wconf 88' lang='lat' dir='ltr'><strong>res</strong></span> <span class='ocrx_word' id='word_1_226' title='bbox 1270 3303 1413 3390; x_wconf 78' lang='lat' dir='ltr'><strong>colligari</strong></span> 
     </span>
     <span class='ocr_line' id='line_1_28' title="bbox 226 3427 416 3494; baseline 0.026 -23"><span class='ocrx_word' id='word_1_227' title='bbox 226 3427 291 3472; x_wconf 89' lang='lat' dir='ltr'><strong>non</strong></span> <span class='ocrx_word' id='word_1_228' title='bbox 314 3429 416 3494; x_wconf 89' lang='lat' dir='ltr'><strong>posse.</strong></span> 
     </span>
    </p>

    <p class='ocr_par' dir='ltr' id='par_1_4' title="bbox 223 3512 1414 4245">
     <span class='ocr_line' id='line_1_29' title="bbox 270 3512 1413 3602; baseline 0.003 -22"><span class='ocrx_word' id='word_1_229' title='bbox 270 3512 481 3582; x_wconf 69' lang='lat' dir='ltr'><strong>Transeamus</strong></span> <span class='ocrx_word' id='word_1_230' title='bbox 514 3517 553 3582; x_wconf 88' lang='lat' dir='ltr'><strong>ad</strong></span> <span class='ocrx_word' id='word_1_231' title='bbox 590 3515 867 3595; x_wconf 87' lang='lat' dir='ltr'><strong>Herodotum,</strong></span> <span class='ocrx_word' id='word_1_232' title='bbox 902 3517 957 3602; x_wconf 93' lang='lat' dir='ltr'><strong>qui</strong></span> <span class='ocrx_word' id='word_1_233' title='bbox 991 3515 1157 3602; x_wconf 85' lang='lat' dir='ltr'><strong>Sophoclis</strong></span> <span class='ocrx_word' id='word_1_234' title='bbox 1189 3516 1413 3602; x_wconf 81' lang='lat' dir='ltr'><strong>Euripidisque</strong></span> 
     </span>
     <span class='ocr_line' id='line_1_30' title="bbox 227 3621 1414 3709; baseline 0.002 -21"><span class='ocrx_word' id='word_1_235' title='bbox 227 3621 367 3706; x_wconf 72' lang='lat' dir='ltr'><strong>aequalis</strong></span> <span class='ocrx_word' id='word_1_236' title='bbox 395 3626 453 3692; x_wconf 83' lang='lat' dir='ltr'><strong>sed</strong></span> <span class='ocrx_word' id='word_1_237' title='bbox 484 3623 700 3709; x_wconf 89' lang='lat' dir='ltr'><strong>antiquiorum</strong></span> <span class='ocrx_word' id='word_1_238' title='bbox 731 3623 919 3709; x_wconf 88' lang='lat' dir='ltr'><strong>opinionum</strong></span> <span class='ocrx_word' id='word_1_239' title='bbox 951 3627 1089 3689; x_wconf 82' lang='lat' dir='ltr'><strong>sectator</strong></span> <span class='ocrx_word' id='word_1_240' title='bbox 1119 3623 1225 3708; x_wconf 91' lang='lat' dir='ltr'><strong>aptius</strong></span> <span class='ocrx_word' id='word_1_241' title='bbox 1257 3626 1414 3690; x_wconf 86' lang='lat' dir='ltr'><strong>tractatur</strong></span> 
     </span>
     <span class='ocr_line' id='line_1_31' title="bbox 227 3728 1412 3815; baseline 0.003 -23"><span class='ocrx_word' id='word_1_242' title='bbox 227 3731 301 3792; x_wconf 93' lang='lat' dir='ltr'><strong>ante</strong></span> <span class='ocrx_word' id='word_1_243' title='bbox 330 3731 441 3814; x_wconf 87' lang='lat' dir='ltr'><strong>poetas</strong></span> <span class='ocrx_word' id='word_1_244' title='bbox 470 3730 619 3815; x_wconf 81' lang='lat' dir='ltr'><strong>tragicos.</strong></span> <span class='ocrx_word' id='word_1_245' title='bbox 647 3728 687 3796; x_wconf 87' lang='lat' dir='ltr'><strong>In</strong></span> <span class='ocrx_word' id='word_1_246' title='bbox 711 3751 747 3795; x_wconf 93' lang='lat' dir='ltr'><strong>eo</strong></span> <span class='ocrx_word' id='word_1_247' title='bbox 771 3734 847 3795; x_wconf 81' lang='lat' dir='ltr'><strong>ante</strong></span> <span class='ocrx_word' id='word_1_248' title='bbox 870 3729 978 3794; x_wconf 87' lang='lat' dir='ltr'><strong>omnia</strong></span> <span class='ocrx_word' id='word_1_249' title='bbox 1001 3729 1105 3794; x_wconf 88' lang='lat' dir='ltr'><strong>elucet</strong></span> <span class='ocrx_word' id='word_1_250' title='bbox 1127 3730 1288 3814; x_wconf 89' lang='lat' dir='ltr'><strong>persuasio</strong></span> <span class='ocrx_word' id='word_1_251' title='bbox 1311 3730 1412 3796; x_wconf 89' lang='lat' dir='ltr'><strong>imbe-</strong></span> 
     </span>
     <span class='ocr_line' id='line_1_32' title="bbox 224 3833 1409 3922; baseline 0.001 -23"><span class='ocrx_word' id='word_1_252' title='bbox 224 3833 366 3900; x_wconf 85' lang='lat' dir='ltr'><strong>cillitatis</strong></span> <span class='ocrx_word' id='word_1_253' title='bbox 389 3836 565 3916; x_wconf 87' lang='lat' dir='ltr'><strong>humanao;</strong></span> <span class='ocrx_word' id='word_1_254' title='bbox 590 3859 687 3922; x_wconf 91' lang='lat' dir='ltr'><strong>quam</strong></span> <span class='ocrx_word' id='word_1_255' title='bbox 710 3837 765 3922; x_wconf 90' lang='lat' dir='ltr'><strong>qui</strong></span> <span class='ocrx_word' id='word_1_256' title='bbox 788 3858 855 3902; x_wconf 88' lang='lat' dir='ltr'><strong>non</strong></span> <span class='ocrx_word' id='word_1_257' title='bbox 876 3839 1053 3920; x_wconf 78' lang='lat' dir='ltr'><strong>agnoscant</strong></span> <span class='ocrx_word' id='word_1_258' title='bbox 1072 3835 1199 3922; x_wconf 88' lang='lat' dir='ltr'><strong>superbi</strong></span> <span class='ocrx_word' id='word_1_259' title='bbox 1218 3838 1258 3900; x_wconf 84' lang='lat' dir='ltr'><strong>ad</strong></span> <span class='ocrx_word' id='word_1_260' title='bbox 1278 3836 1409 3902; x_wconf 88' lang='lat' dir='ltr'><strong>nimiam</strong></span> 
     </span>
     <span class='ocr_line' id='line_1_33' title="bbox 224 3941 1410 4029; baseline 0.002 -23"><span class='ocrx_word' id='word_1_261' title='bbox 224 3941 401 4026; x_wconf 85' lang='lat' dir='ltr'><strong>potentiam</strong></span> <span class='ocrx_word' id='word_1_262' title='bbox 435 3945 621 4022; x_wconf 80' lang='lat' dir='ltr'><strong>tendentes,</strong></span> <span class='ocrx_word' id='word_1_263' title='bbox 656 3943 779 4029; x_wconf 88' lang='lat' dir='ltr'><strong>diisque</strong></span> <span class='ocrx_word' id='word_1_264' title='bbox 812 3965 845 4008; x_wconf 89' lang='lat' dir='ltr'><strong>se</strong></span> <span class='ocrx_word' id='word_1_265' title='bbox 878 3943 942 4008; x_wconf 87' lang='lat' dir='ltr'><strong>fere</strong></span> <span class='ocrx_word' id='word_1_266' title='bbox 973 3947 1163 4028; x_wconf 86' lang='lat' dir='ltr'><strong>aequantes,</strong></span> <span class='ocrx_word' id='word_1_267' title='bbox 1188 3963 1241 4008; x_wconf 87' lang='lat' dir='ltr'><strong>eos</strong></span> <span class='ocrx_word' id='word_1_268' title='bbox 1265 3941 1410 4008; x_wconf 87' lang='lat' dir='ltr'><strong>funditus</strong></span> 
     </span>
     <span class='ocr_line' id='line_1_34' title="bbox 224 4049 1412 4138; baseline -0.002 -22"><span class='ocrx_word' id='word_1_269' title='bbox 224 4050 428 4116; x_wconf 84' lang='lat' dir='ltr'><strong>exterminari</strong></span> <span class='ocrx_word' id='word_1_270' title='bbox 450 4053 553 4137; x_wconf 81' lang='lat' dir='ltr'><strong>putat.</strong></span> <span class='ocrx_word' id='word_1_271' title='bbox 577 4049 660 4127; x_wconf 83' lang='lat' dir='ltr'><strong>Quin</strong></span> <span class='ocrx_word' id='word_1_272' title='bbox 683 4072 719 4116; x_wconf 92' lang='lat' dir='ltr'><strong>eo</strong></span> <span class='ocrx_word' id='word_1_273' title='bbox 741 4049 885 4138; x_wconf 80' lang='lat' dir='ltr'><strong>procedit</strong></span> <span class='ocrx_word' id='word_1_274' title='bbox 907 4052 943 4116; x_wconf 90' lang='lat' dir='ltr'><strong>ut</strong></span> <span class='ocrx_word' id='word_1_275' title='bbox 967 4049 1062 4116; x_wconf 88' lang='lat' dir='ltr'><strong>etiam</strong></span> <span class='ocrx_word' id='word_1_276' title='bbox 1086 4049 1158 4116; x_wconf 90' lang='lat' dir='ltr'><strong>illos</strong></span> <span class='ocrx_word' id='word_1_277' title='bbox 1182 4049 1340 4135; x_wconf 83' lang='lat' dir='ltr'><strong>perituros</strong></span> <span class='ocrx_word' id='word_1_278' title='bbox 1360 4071 1412 4114; x_wconf 84' lang='lat' dir='ltr'><strong>ex·</strong></span> 
     </span>
     <span class='ocr_line' id='line_1_35' title="bbox 223 4155 1409 4245; baseline 0.001 -24"><span class='ocrx_word' id='word_1_279' title='bbox 223 4155 359 4238; x_wconf 89' lang='lat' dir='ltr'><strong>istimet‚</strong></span> <span class='ocrx_word' id='word_1_280' title='bbox 382 4158 438 4245; x_wconf 87' lang='lat' dir='ltr'><strong>qui</strong></span> <span class='ocrx_word' id='word_1_281' title='bbox 459 4157 501 4224; x_wconf 93' lang='lat' dir='ltr'><strong>ab</strong></span> <span class='ocrx_word' id='word_1_282' title='bbox 520 4157 697 4224; x_wconf 89' lang='lat' dir='ltr'><strong>ambitione</strong></span> <span class='ocrx_word' id='word_1_283' title='bbox 715 4162 748 4223; x_wconf 93' lang='lat' dir='ltr'><strong>et</strong></span> <span class='ocrx_word' id='word_1_284' title='bbox 765 4157 912 4243; x_wconf 85' lang='lat' dir='ltr'><strong>superbia</strong></span> <span class='ocrx_word' id='word_1_285' title='bbox 931 4157 1022 4222; x_wconf 90' lang='lat' dir='ltr'><strong>vacui</strong></span> <span class='ocrx_word' id='word_1_286' title='bbox 1042 4156 1110 4222; x_wconf 90' lang='lat' dir='ltr'><strong>sola</strong></span> <span class='ocrx_word' id='word_1_287' title='bbox 1131 4155 1265 4220; x_wconf 79' lang='lat' dir='ltr'><strong>fortuna</strong></span> <span class='ocrx_word' id='word_1_288' title='bbox 1274 4156 1409 4242; x_wconf 84' lang='lat' dir='ltr'><strong>juvante</strong></span> 
     </span>
    </p>
   </div>
   <div class='ocr_carea' id='block_1_3' title="bbox 234 4337 409 4352">
    <p class='ocr_par' dir='ltr' id='par_1_5' title="bbox 234 4337 409 4352">
     <span class='ocr_line' id='line_1_36' title="bbox 234 4337 409 4352; baseline 0 0"><span class='ocrx_word' id='word_1_289' title='bbox 234 4337 409 4352; x_wconf 54' lang='lat' dir='ltr'>Q</span> 
     </span>
    </p>
   </div>
   <div class='ocr_carea' id='block_1_4' title="bbox 229 4441 1410 4676">
    <p class='ocr_par' dir='ltr' id='par_1_6' title="bbox 229 4441 1410 4676">
     <span class='ocr_line' id='line_1_37' title="bbox 258 4441 1149 4510; baseline 0 -18"><span class='ocrx_word' id='word_1_290' title='bbox 258 4441 288 4506; x_wconf 88' lang='grc'><strong>1)</strong></span> <span class='ocrx_word' id='word_1_291' title='bbox 301 4441 403 4509; x_wconf 67' lang='lat' dir='ltr'><strong>manga</strong></span> <span class='ocrx_word' id='word_1_292' title='bbox 422 4444 484 4506; x_wconf 72' lang='lat'>1³4,</span> <span class='ocrx_word' id='word_1_293' title='bbox 502 4442 551 4498; x_wconf 81' lang='grc'><strong>171</strong></span> <span class='ocrx_word' id='word_1_294' title='bbox 568 4460 602 4510; x_wconf 82' lang='lat' dir='ltr'><strong>eq.</strong></span> <span class='ocrx_word' id='word_1_295' title='bbox 621 4443 712 4494; x_wconf 66' lang='lat' dir='ltr'><strong>trahil.</strong></span> <span class='ocrx_word' id='word_1_296' title='bbox 729 4441 795 4498; x_wconf 76' lang='lat' dir='ltr'><strong>Tetr.</strong></span> <span class='ocrx_word' id='word_1_297' title='bbox 812 4441 842 4494; x_wconf 84' lang='lat' dir='ltr'><strong>lr.</strong></span> <span class='ocrx_word' id='word_1_298' title='bbox 862 4442 902 4494; x_wconf 77' lang='lat' dir='ltr'><strong>tt.</strong></span> <span class='ocrx_word' id='word_1_299' title='bbox 921 4443 991 4496; x_wconf 87' lang='lat' dir='ltr'><strong>Piod.</strong></span> <span class='ocrx_word' id='word_1_300' title='bbox 1012 4444 1051 4494; x_wconf 85' lang='lat'><strong>01.</strong></span> <span class='ocrx_word' id='word_1_301' title='bbox 1069 4443 1090 4494; x_wconf 90' lang='lat'><strong>1.</strong></span> <span class='ocrx_word' id='word_1_302' title='bbox 1109 4441 1149 4493; x_wconf 77' lang='grc'><strong>11.</strong></span> 
     </span>
     <span class='ocr_line' id='line_1_38' title="bbox 259 4522 1410 4594; baseline -0.003 -17"><span class='ocrx_word' id='word_1_303' title='bbox 259 4523 395 4590; x_wconf 61' lang='lat' dir='ltr'><strong>nunna</strong></span> <span class='ocrx_word' id='word_1_304' title='bbox 414 4527 482 4594; x_wconf 81' lang='lat' dir='ltr'><strong>epod.</strong></span> <span class='ocrx_word' id='word_1_305' title='bbox 505 4528 545 4578; x_wconf 83' lang='lat'><strong>88.</strong></span> <span class='ocrx_word' id='word_1_306' title='bbox 568 4527 658 4578; x_wconf 78' lang='lat' dir='ltr'><strong>Simon.</strong></span> <span class='ocrx_word' id='word_1_307' title='bbox 680 4527 778 4592; x_wconf 75' lang='lat' dir='ltr'><strong>Amorg.</strong></span> <span class='ocrx_word' id='word_1_308' title='bbox 799 4525 830 4578; x_wconf 76' lang='lat' dir='ltr'><strong>ir.</strong></span> <span class='ocrx_word' id='word_1_309' title='bbox 849 4527 873 4576; x_wconf 89' lang='lat'><strong>1.</strong></span> <span class='ocrx_word' id='word_1_310' title='bbox 890 4525 1008 4593; x_wconf 74' lang='lat' dir='ltr'><strong>Tarpand.</strong></span> <span class='ocrx_word' id='word_1_311' title='bbox 1025 4526 1059 4576; x_wconf 81' lang='lat' dir='ltr'><strong>lr.</strong></span> <span class='ocrx_word' id='word_1_312' title='bbox 1078 4525 1101 4576; x_wconf 94' lang='grc'><strong>1.</strong></span> <span class='ocrx_word' id='word_1_313' title='bbox 1118 4522 1155 4583; x_wconf 72' lang='lat' dir='ltr'><strong>sle</strong></span> <span class='ocrx_word' id='word_1_314' title='bbox 1172 4527 1229 4578; x_wconf 76' lang='lat' dir='ltr'><strong>Ala.</strong></span> <span class='ocrx_word' id='word_1_315' title='bbox 1249 4523 1317 4576; x_wconf 82' lang='lat' dir='ltr'><strong>Pind.</strong></span> <span class='ocrx_word' id='word_1_316' title='bbox 1335 4522 1410 4590; x_wconf 67' lang='lat' dir='ltr'><strong>aych.</strong></span> 
     </span>
     <span class='ocr_line' id='line_1_39' title="bbox 229 4605 389 4676; baseline 0.025 -20"><span class='ocrx_word' id='word_1_317' title='bbox 229 4605 272 4658; x_wconf 76' lang='lat' dir='ltr'><strong>Vl.</strong></span> <span class='ocrx_word' id='word_1_318' title='bbox 290 4607 322 4660; x_wconf 72' lang='lat'><strong>28</strong></span> <span class='ocrx_word' id='word_1_319' title='bbox 339 4624 389 4676; x_wconf 75' lang='lat' dir='ltr'><strong>sqq.</strong></span> 
     </span>
    </p>
   </div>
   <div class='ocr_carea' id='block_1_5' title="bbox 0 0 1718 5356">
    <p class='ocr_par' dir='ltr' id='par_1_7' title="bbox 0 0 1718 5356">
     <span class='ocr_line' id='line_1_40' title="bbox 0 0 1718 5356; baseline 0 0"><span class='ocrx_word' id='word_1_320' title='bbox 0 0 1718 5356; x_wconf 95' lang='lat' dir='ltr'><strong> </strong></span> 
     </span>
    </p>
   </div>
  </div>
 </body>
</html>
