3418 5356
782 468 824 532 59

210 647 295 715 Phil.
319 647 378 716 ΠΙ.
404 648 437 734 9)
463 649 489 714 οῖ
513 645 563 727 δὲ,
588 648 651 727 ait,
675 651 871 732 γνησιώτερον
897 652 996 718 αὐτοῖν
1020 651 1090 732 (τῶν
1111 650 1322 730 Πυθαγορείων
1341 653 1399 738 sc.)

208 754 425 835 μετασχόντες
456 759 516 835 πιῖρ
549 755 606 834 μὲν
637 755 667 820 ε’ν
696 759 737 838 τῷ
769 756 853 841 μέσῳ
877 758 1003 836 λέγουσι
1028 760 1083 832 τῖρν
1106 758 1322 838 δημιουργικὴν
1345 757 1399 824 δύ-

207 885 300 940 ναμιν
323 864 378 937 τῖρν
409 862 452 927 ἐν
475 861 602 939 μέσον
626 867 762 928 ποῖσαν
786 866 856 940 την
883 871 957 942 γῆν
982 863 1263 946 ζοιογονοῦσαν
1286 864 1339 930 ael
1363 867 1398 930 τὸ

208 969 430 1046 ὶτεψνγμῖνον
457 969 554 1043 αὐτῆς
577 969 821 1036 οῖναῖιῖλποοσαν
834 971 871 1057 ¹).

254 1073 334 1153 Sed,
360 1078 397 1140 ut
420 1074 502 1154 dixi,
527 1074 604 1141 certi
628 1075 710 1140 nihil
731 1098 770 1142 ex
793 1076 843 1142 bis
866 1077 1020 1162 consequi
1041 1098 1217 1162 possumus.

703 1389 903 1402 -ι--.

657 1635 844 1720 CAPUT
874 1639 956 1723 ΙΙΙ.

556 1867 851 1918 Meuuoeouoelcl
876 1868 1060 1921 colunum.

256 2035 342 2102 Hinc
364 2037 475 2102 trahor
494 2038 536 2103 ad
554 2059 657 2123 pauca
676 2038 773 2104 verba
793 2039 890 2123 vulgo
910 2039 1012 2104 relata
1032 2041 1072 2103 ad
1092 2038 1252 2124 quoddam
1271 2034 1404 2101 Auara·

212 2165 307 2229 goras
326 2143 498 2229 placitum,
518 2145 605 2231 quod
624 2144 739 2210 dieitur
759 2145 962 2211 vehementer
974 2145 1175 2230 perturbasse
1187 2145 1303 2210 civium
1315 2165 1405 2209 men-

212 2253 269 2314 tes.
288 2248 383 2334 Diog.
404 2249 439 2316 L.
460 2251 496 2316 iu
507 2251 720 2336 Anaxagorae
731 2251 815 2329 vita,
831 2250 874 2316 Π.
890 2252 947 2330 10,
961 2251 1039 2316 baec
1050 2250 1162 2315 refert:
1178 2249 1258 2332 Φασῖ
1272 2251 1299 2315 δ’
1311 2250 1404 2316 αὐτὸν

212 2363 361 2435 προειπεῖν
383 2357 439 2431 την
462 2357 529 2436 περὶ
554 2355 652 2435 Αῖγδς
676 2357 819 2434 ποταμὸν
843 2357 1007 2436 γενομένην
1030 2361 1084 2421 τοιῖ
1109 2356 1191 2422 >eldea
1215 2362 1348 2433 πτῶσιν,
1372 2347 1404 2419 ὃν

213 2457 297 2527 εἶπεν
327 2461 362 2525 ἐν
394 2465 447 2527 τοῦ
480 2461 565 2539 ἡλίου
596 2464 763 2528 πεσεῖσθαι.
798 2460 861 2529 itae
886 2463 938 2528 καῖ
963 2463 1128 2541 Εὐριπίδην
1160 2463 1301 2541 aalma
1329 2459 1404 2527 ῖντα

214 2567 349 2650 χρυσέαν
378 2569 479 2647 βῶλον
510 2569 608 2636 εἰπεῖν
637 2569 689 2634 τδν
713 2567 794 2645 ἥλιον
818 2571 848 2635 ἐν
873 2568 1028 2637 Φαέθοντι.
1054 2568 1223 2654 Euripides
1245 2569 1346 2654 igitur
1368 2568 1405 2633 iu

214 2673 414 2740 Phaethonte
437 2676 536 2741 solem
560 2675 641 2740 dixit
664 2697 730 2742 ease
754 2698 880 2741 auream
905 2676 1042 2762 glebam.
1065 2675 1253 2761 Priusquam
1273 2678 1314 2740 ad
1333 2674 1403 2760 ipsa

214 2781 309 2846 verba
326 2781 497 2866 Euripides
517 2785 703 2848 accedamus
722 2782 861 2848 breviter
880 2783 919 2848 de
940 2785 1145 2867 praeceptore
1156 2781 1330 2846 videndum
1343 2783 1401 2848 est.

257 2887 347 2952 Alibi
377 2886 539 2972 Diogenes
570 2891 708 2953 testatur
741 2888 797 2974 (ΙΙ.
833 2890 889 2974 12)
913 2888 1000 2954 bunc
1023 2889 1121 2954 solem
1147 2909 1274 2954 vocasse
1296 2886 1407 2968 μύδρον

215 2993 375 3075 διαπορον;
392 2995 478 3079 quod
498 2992 695 3061 Clazomenii
714 2995 868 3079 placitum
888 2997 967 3060 adeo
987 2995 1141 3060 inclaruit
1160 2999 1198 3059 ut
1218 3017 1237 3058 a
1257 2993 1404 3080 plurimis

216 3105 477 3166 commemoretur
504 3100 713 3185 scriptoribus
737 3103 886 3187 (quorum
909 3100 996 3167 locos
1020 3104 1085 3168 rid.
1110 3103 1193 3186 apud
1217 3099 1406 3167 Schaubacb

215 3229 246 3292 p.
268 3207 331 3273 139
352 3229 418 3292 sq.;
440 3206 518 3271 mihi
536 3207 705 3272 Platonem
726 3207 822 3292 Apol.
846 3209 887 3272 14
905 3211 938 3272 et
951 3207 1201 3294 Xenophontem
1213 3208 1346 3275 Memor.
1359 3206 1405 3272 IV

214 3315 338 3378 tantum
358 3312 573 3379 nominavisse
593 3313 671 3378 satis
690 3315 761 3398 est).
782 3312 850 3379 Nec
870 3313 1002 3393 mirum,
1024 3314 1178 3400 siquidem
1200 3314 1403 3380 dieiturauc-

216 3419 275 3484 tori
298 3420 532 3484 accusationem
554 3423 588 3484 et
610 3418 754 3484 exsilium
779 3420 981 3486 contraxisse.

258 3523 386 3591 Novum
417 3546 493 3609 ergo
516 3529 549 3590 et
570 3524 754 3591 inauditum
777 3529 846 3590 erat
870 3526 930 3592 hoe
954 3526 1108 3613 placitum
1131 3525 1320 3612 physicum?
1344 3524 1407 3590 Mi-

220 3629 301 3696 nime
323 3653 408 3698 vero.
436 3629 633 3717 Quicumue
664 3637 860 3717 cognoverat
882 3633 1044 3698 doctrinas
1067 3633 1331 3720 pbilosophorum
1355 3633 1407 3718 ig-

223 3757 331 3803 norare
351 3759 417 3804 non
442 3741 569 3822 poterat
585 3738 775 3823 jamdudum
795 3739 875 3804 coeli
894 3739 1096 3824 phenomena
1115 3742 1156 3804 ad
1176 3761 1285 3806 causas
1298 3738 1407 3826 physi-

222 3864 272 3908 cas
302 3844 411 3908 omnia
440 3845 581 3910 revocari
594 3842 634 3930 ³).
663 3843 863 3911 Democritus
892 3846 960 3931 ipse
989 3847 1146 3911 invidiose
1169 3846 1285 3912 dixisse
1308 3846 1409 3911 fertur

255 4115 276 4174 l)
293 4115 330 4166 Ex
354 4115 418 4165 bisce
444 4115 524 4164 Procli
549 4115 587 4178 (iu
614 4114 704 4165 lluelid.
730 4114 805 4165 Elem
828 4111 889 4182 48)=
914 4113 957 4163 καῖ
979 4115 1038 4176 πρδρ
1062 4112 1163 4174 τούτοις
1180 4113 1192 4164 δ
1210 4116 1333 4173 Φιλόλαος
1349 4116 1409 4164 κατ’

221 4193 298 4253 ἄλλην
319 4193 438 4258 ῖπιβολην
461 4196 506 4255 τὴν
530 4199 576 4247 τοῦ
600 4194 758 4260 τιτραγιῖνον
780 4194 872 4259 γωνίαι
896 4195 966 4256 Ῥέας
989 4195 1032 4246 καῖ
1054 4193 1185 4258 Δήμητρος
1201 4195 1245 4249 καῖ
1267 4196 1410 4256 Ἐστῖαρ

220 4275 354 4328 ἀποκαλεῖ·
379 4275 443 4327 διότι
464 4279 515 4341 γὰρ
532 4279 589 4336 την
606 4281 664 4342 γῆν
682 4280 712 4328 τδ
731 4275 886 4340 τετράγωνον
907 4276 1030 4342 ιῖφῖστησι
1049 4276 1112 4328 διότι
1130 4277 1173 4328 sai
1191 4281 1321 4342 στοιχεῖόν
1338 4275 1408 4329 ῖστιν

219 4356 297 4420 αὐτῆς
318 4357 505 4423 sperem...
529 4361 614 4410 efficias
637 4361 716 4427 ipsum
739 4359 876 4411 Philolaum
899 4365 991 4412 terram
1008 4377 1101 4412 vocasse
1119 4357 1221 4418 dealem
1238 4377 1322 4412 verum
1338 4361 1410 4413 dubia

219 4445 254 4490 est
270 4441 340 4492 buius
356 4442 487 4493 testimonii
504 4442 569 4492 deles.

252 4522 278 4586 2)
296 4523 472 4576 Anaximander
488 4526 602 4576 docuerat
617 4525 695 4576 sidera
711 4525 858 4576 concreuisse
873 4541 902 4574 ex
917 4531 970 4576 atre
985 4529 1077 4584 rotato,
1092 4523 1213 4590 solemque
1226 4541 1275 4576 aare
1290 4525 1406 4576 circulum

220 4605 314 4672 plnum
340 4607 401 4672 iguis
426 4607 507 4673 (Plrc.
531 4607 572 4675 pb.
599 4623 637 4674 pg.
663 4609 712 4658 390
726 4609 774 4674 Δ),
800 4607 940 4658 Heraclitus
956 4609 1014 4658 item
1030 4607 1108 4656 ridere
1124 4607 1226 4672 conjecit
1242 4624 1291 4658 σεεε
1307 4623 1407 4672 corpora
