3418 5356
787 417 831 485 95

205 604 290 670 libus
319 606 353 670 et
383 602 566 669 moralibus.
598 603 874 688 Anaxagoras
906 601 945 667 de
975 601 1106 667 numine
1136 601 1244 667 (lirino
1268 601 1393 668 nullum

207 711 323 796 dogma
353 709 554 795 proposuisse
577 708 720 786 videtur3
750 707 939 793 posteriores
974 705 1135 773 affirmant
1156 729 1228 773 eum
1252 707 1396 775 Mentem

206 817 299 882 deum
330 816 507 902 appellasse
520 814 557 902 1).
587 814 707 882 Jurene
735 838 777 881 an
809 815 928 900 injuria
960 837 1073 900 parum
1106 813 1222 880 referre
1251 815 1391 896 videtur3

206 922 354 988 omnibus
377 925 462 988 uerte
483 922 519 987 in
541 922 635 988 rebus
658 927 723 994 ναῦς
747 921 776 988 ei
797 921 860 987 fuit
882 921 933 987 dei
954 921 1065 986 instar.

251 1028 479 1115 Sophistae
512 1028 615 1114 magis
645 1029 755 1094 testati
789 1030 865 1094 sunt
894 1050 926 1094 se
948 1031 988 1094 de
1011 1028 1072 1093 diis
1095 1027 1177 1094 nihil
1200 1034 1396 1117 oompertum

208 1136 323 1202 habere
346 1156 451 1221 neque
469 1135 570 1219 igitur
589 1134 797 1221 popularibus
808 1135 1033 1201 traditionibus
1044 1135 1170 1202 eredere
1180 1158 1397 1223 posse‚quam

207 1243 347 1308 diversae
379 1245 511 1308 naturae
540 1263 658 1307 numen
690 1244 906 1307 venerandum
939 1248 1182 1328 proposuerunt.
1207 1243 1399 1329 Protagoras

208 1349 373 1417 notissimo
395 1347 470 1414 libri
493 1348 542 1414 sui
565 1348 695 1414 exordio
719 1347 934 1414 affirmaverat
958 1370 990 1414 se
1014 1348 1096 1413 nihil
1119 1353 1158 1415 de
1182 1350 1263 1415 divis
1281 1350 1399 1416 habere

207 1457 292 1543 qnod
315 1456 452 1542 liqueat,
473 1459 582 1520 utrum
602 1455 668 1520 sint
686 1476 796 1520 annon
816 1455 900 1531 sint;
919 1477 994 1521 nam
1011 1455 1138 1522 obstare
1157 1455 1203 1521 rei
1221 1456 1398 1524 obseurita-

207 1569 271 1630 tem
295 1564 453 1648 breveque
476 1562 742 1628 vitaehumanae
765 1561 903 1647 spatium
917 1569 950 1642 ²).
973 1560 1128 1627 Prodicus
1152 1561 1315 1649 explicans
1337 1563 1398 1628 ho-

208 1671 309 1737 mines
328 1670 448 1756 primos
467 1669 550 1734 vires
570 1668 730 1733 naturales
748 1688 829 1752 quae
848 1667 888 1732 iis
908 1667 979 1733 usui
991 1674 1096 1733 essent
1106 1689 1165 1755 pro
1178 1669 1239 1734 diis
1251 1669 1400 1736 habuisse

208 1799 273 1843 non
301 1777 428 1843 ridetur
449 1796 503 1841 eos
525 1796 593 1840 esse
614 1773 792 1840 credidisse.
818 1773 856 1838 ln
878 1774 917 1838 iis
939 1795 1014 1840 sero
1038 1774 1294 1853 recitationibus,
1320 1797 1399 1862 quas

209 1885 249 1950 ad
277 1882 432 1970 populum
463 1881 642 1965 habebant,
675 1880 800 1966 vulgari
827 1903 922 1947 sensu
946 1902 1055 1946 eorum
1078 1882 1210 1947 nomina
1232 1905 1400 1976 usurpasse

208 1991 365 2057 ridentur.
1298 2000 1305 2010 '

253 2097 389 2162 Plurimi
410 2097 510 2181 igitur
527 2083 712 2182 philosophi
730 2095 848 2161 fabulis
868 2094 1094 2181 mythologiois
1113 2098 1209 2162 fidem
1222 2117 1288 2162 non
1301 2098 1401 2164 habe-

211 2203 304 2282 bant,
336 2204 392 2268 sed
424 2202 555 2268 dirersis
585 2201 701 2288 opinor
723 2202 762 2267 de
784 2202 896 2268 eausis.
922 2200 1138 2286 Xenophanes
1161 2208 1194 2267 et
1217 2203 1401 2270 Heraoths

212 2309 358 2375 ridentur
379 2309 548 2396 praecipue
567 2308 729 2393 indignati
751 2329 817 2372 esse
840 2328 944 2372 mores
966 2329 1081 2394 pravos
1105 2299 1316 2394 naturamque
1339 2309 1402 2374 im·

212 2415 399 2502 perfectam,
430 2437 527 2501 quam
554 2416 667 2499 poetae
690 2415 751 2480 diis
774 2414 993 2491 ascribebant3
1017 2413 1245 2499 intelligebant
1267 2437 1337 2482 eam
1362 2416 1403 2481 ab

213 2523 407 2608 omniparis
427 2523 601 2608 perfeetum
621 2543 687 2586 esse
706 2521 836 2599 debere;
855 2521 926 2586 ideo
946 2519 1134 2605 religionem
1146 2525 1182 2585 ut
1194 2522 1402 2588 emendarent

213 2630 296 2694 ultro
330 2629 612 2715 impugnaverunt.
647 2627 717 2693 Hos
746 2627 846 2713 igitur
875 2628 946 2713 ipsa
977 2627 1078 2713 pietas
1108 2628 1248 2713 reotiqne
1266 2612 1403 2696 'seientia

214 2736 313 2801 morit
335 2740 372 2801 nt
396 2739 471 2800 deos
492 2734 628 2800 traditos
646 2756 713 2800 esse
732 2738 889 2820 negarent
901 2735 937 2822 ³).
958 2733 1153 2800 Posteriores
1172 2756 1265 2814 vero,
1285 2733 1404 2802 Demo·

214 2843 326 2907 oritum
354 2841 583 2928 Anaxagoram
614 2839 780 2926 Sophistas
803 2841 936 2907 seientia
959 2838 1113 2907 naturalis
1137 2843 1170 2907 et
1191 2842 1273 2908 ratio
1297 2843 1403 2930 potius

215 2952 405 3014 monuerunt
436 2970 476 3012 ne
505 2947 661 3034 prodigiis
690 2945 879 3034 fabellisque
906 2947 1151 3035 mythologiois,
1188 2970 1270 3034 quae
1292 2971 1403 3036 super-

215 3054 299 3120 stitio
323 3054 581 3140 excogitavisset,
606 3053 702 3119 fidem
725 3053 891 3121 haberent.

250 3308 276 3374 1)
292 3309 388 3368 Oioero,
406 3310 504 3368 Sextum
521 3306 650 3368 surum,
667 3307 824 3358 Themistim.

248 3392 276 3458 Β)
292 3392 362 3459 Apud
385 3391 454 3456 Diog.
475 3392 503 3440 1..
521 3389 568 3441 1x.
587 3390 631 3441 51:
648 3388 703 3452 arpi
719 3388 764 3451 pir
782 3389 838 3438 θεῶν
856 3387 901 3439 οὐκ
916 3388 972 3454 'lxo
990 3388 1080 3441 titirus
1101 3388 1151 3440 οὔθ’
1170 3389 1202 3450 ὥς
1220 3388 1282 3440 ririr
1301 3387 1352 3440 οὔθ’
1372 3389 1405 3449 ὥς

217 3471 260 3522 ris
281 3473 349 3524 aleis.
372 3475 459 3523 πολλὰ
480 3474 530 3537 γὰρ
547 3474 584 3522 τὰ
599 3469 731 3525 κωλύοντα
747 3469 851 3530 allisas,
869 3473 885 3530 ii
900 3489 931 3522 rr
947 3470 1074 3530 ἀδηλότης
1094 3471 1137 3521 rai
1154 3471 1254 3534 βραχὺς
1271 3469 1303 3520 ov
1321 3472 1334 3520 ὃ
1351 3471 1406 3534 βίος

216 3559 261 3604 τοῦ
278 3554 409 3618 ἅνθρῶπου.
427 3557 602 3622 corrigendum
618 3559 665 3605 aot:
684 3553 729 3604 ota
744 3555 799 3618 'ixa
817 3553 937 3612 alarii,
954 3560 1008 3605 tum
1025 3570 1052 3604 ex
1069 3570 1113 3604 usn
1128 3554 1223 3620 linguas
1238 3555 1406 3604 omarum

216 3639 293 3688 atio.
309 3640 338 3688 de
353 3644 403 3690 nat.
422 3641 450 3690 D.
470 3639 491 3689 L
509 3639 550 3699 2³,
568 3639 601 3689 08
625 3637 750 3689 venantis:
778 3638 807 3687 (lo
833 3637 894 3688 (liris
920 3652 996 3703 nequo
1019 3642 1047 3686 nt
1070 3637 1119 3690 rint
1142 3651 1218 3702 nequo
1242 3639 1270 3687 rt
1292 3651 1341 3687 aon
1358 3635 1408 3686 sint

218 3718 290 3769 habeo
306 3720 336 3770 li
341 3737 417 3770 ooooo

250 3802 278 3868 8)
294 3803 330 3853 Oi
346 3802 489 3854 Sohiherusr
507 3802 605 3852 Walohe
622 3802 733 3867 Religion
748 3801 788 3852 ioh
804 3801 929 3852 belmas?
948 3800 1024 3851 lisine
1042 3817 1087 3852 ron
1105 3801 1169 3852 allen

524 3885 569 3936 Die
585 3884 617 3935 du
634 3883 682 3938 mir
698 3887 792 3935 nennrt.
809 3911 837 3923 -
856 3884 956 3934 warum
972 3883 1060 3934 idaei
1110 3885 1172 3936 Ans
1188 3882 1347 3949 Religion.

715 4227 909 4242 ...ιι-..Ἠ
