3418 5356
781 442 845 508 113

211 641 303 706 posse
323 621 499 706 praefracte
522 623 718 708 negando
741 623 821 689 vitia
841 625 972 688 deornm
994 623 1034 687 ab
1052 645 1088 687 eo
1100 628 1285 688 enumerata
1297 623 1406 710 (Herc.

209 727 271 794 fur.
292 729 524 794 1341-1346.
549 729 613 793 vid.
637 749 692 815 pg.
722 731 817 815 104),
842 731 981 815 itemque
993 729 1160 795 Hecubam
1177 731 1212 795 in
1231 729 1407 796 Troadibus

210 833 288 916 (911
311 834 395 918 sqq.)
417 832 559 899 Helenae
571 835 769 900 excusationi
781 857 944 901 occurrere
956 835 1143 901 affirmando
1155 835 1236 901 falsa
1247 858 1313 901 esse
1325 857 1406 920 quae

209 938 264 1003 illa
283 939 322 1004 da
343 939 464 1005 Venere
484 945 592 1006 narret
613 942 715 1026 deque
735 941 866 1026 reliquia
886 942 1005 1007 deabus
1019 941 1053 1022 ¹).
1071 942 1143 1009 Hoc
1155 946 1249 1007 modo
1261 965 1406 1009 corruere

209 1044 280 1110 illas
302 1047 523 1112 excusationes
547 1069 673 1113 necesse
697 1052 746 1114 est
758 1069 765 1125 ;
791 1051 846 1112 sed
868 1051 902 1113 et
924 1048 985 1114 hoc
1003 1048 1081 1114 solo.
1106 1048 1191 1114 Nam
1202 1049 1301 1133 siquis
1312 1054 1406 1133 putat

209 1151 283 1216 deos
311 1152 483 1237 populares
506 1175 661 1218 summam
687 1153 789 1238 legem
813 1154 952 1218 ethicam
977 1153 1171 1219 constitume
1194 1154 1341 1239 ipsosque
1365 1157 1405 1221 ad

208 1256 307 1321 vitam
338 1261 571 1342 congruentem
605 1260 753 1334 tendere,
790 1281 849 1324 nec
872 1265 981 1324 tamen
1005 1259 1187 1325 fabularum
1211 1259 1405 1346 mythologi-

209 1385 316 1429 earum
348 1364 515 1430 veritatem
541 1368 655 1449 negat,
681 1366 804 1430 nullo
828 1367 1013 1431 rationis
1037 1370 1287 1451 argumento
1310 1366 1405 1431 refel-

209 1470 272 1535 lere
295 1476 403 1556 potest
425 1472 677 1537 conclusionem:
704 1492 780 1557 ergo
801 1494 905 1557 neque
925 1472 1089 1538 infirmum
1109 1493 1211 1556 genua
1230 1471 1404 1536 humanum

209 1577 358 1642 virtutem
382 1581 489 1661 potest
511 1579 653 1663 assequi,
677 1601 780 1663 neque
803 1579 953 1663 peccandi
976 1578 1070 1662 culpa
1094 1580 1222 1642 tenetur
1234 1575 1271 1662 ⁹).

254 1680 314 1757 Qui
347 1683 567 1768 syllogismus,
601 1688 638 1748 ut
660 1684 774 1768 reliqui
798 1685 937 1749 eiusdem
961 1684 1102 1768 generis,
1126 1683 1309 1768 frequenter
1333 1705 1403 1748 cum

210 1788 356 1854 irrisione
385 1793 456 1854 λίαν
485 1791 580 1861 καλὸς
605 1791 698 1868 λόγος
720 1791 787 1855 sive
811 1790 998 1875 simpliciter
1020 1790 1114 1862 καλὸς
1140 1788 1232 1867 λόγος
1257 1793 1405 1866 vocatus,

208 1895 292 1980 quod
327 1895 456 1980 adjutor
490 1900 522 1961 et
556 1917 665 1961 suasor
695 1897 846 1961 vitiorum
879 1899 987 1961 tamen
1019 1895 1157 1961 convelli
1187 1916 1252 1959 non
1280 1898 1403 1979 posset,

208 2001 316 2066 multis
338 2023 464 2086 quoque
485 2001 556 2067 aliia
579 2004 708 2088 negotia
728 2002 899 2068 facessivit.
920 2002 1018 2087 Apud
1035 2003 1140 2086 ipsum
1153 2001 1404 2086 Aristophanem

209 2107 399 2172 acerrimum
423 2111 678 2193 oppugnatorem
698 2108 793 2172 huius
815 2106 1033 2192 mythologiee
1056 2129 1131 2172 usus
1155 2106 1267 2179 δίκαιος
1294 2107 1403 2189 λόγος,

208 2218 378 2300 postquam
402 2215 635 2298 imprudentius
656 2215 824 2281 contendit
843 2219 898 2289 τίρν
918 2214 1002 2287 δίκην
1024 2214 1109 2298 apud
1129 2214 1203 2278 deos
1222 2235 1306 2290 esse,
1322 2211 1404 2275 nihil

209 2319 307 2385 habet
329 2323 417 2404 quod
443 2321 634 2405 respondeat
657 2324 698 2401 τῷ
723 2321 816 2402 ἀδίκῳ
841 2320 924 2398 λόγῳ
949 2318 1094 2383 monenti
1115 2317 1270 2382 scelerum
1289 2316 1402 2381 huma-

210 2446 324 2491 norum
343 2427 565 2491 auctoritatem
584 2426 619 2490 in
638 2426 752 2493 Jovem
765 2425 989 2490 conferendam
1003 2447 1070 2489 esse
1083 2425 1118 2510 ¹).
1134 2423 1256 2508 Quique
1268 2423 1404 2507 posthac

210 2533 249 2598 de
283 2533 424 2598 moribus
453 2534 504 2599 vel
535 2535 574 2598 de
606 2534 793 2599 educatione
816 2553 986 2617 puerorum
1009 2533 1268 2596 commentantur
1290 2528 1402 2594 iisdem
1471 2554 1475 2562 ·

220 2727 401 2735 ———.

244 2851 270 2916 1)
287 2850 349 2901 981:
818 2845 943 2909 μᾶμνιθεῖς
958 2846 1023 2895 τοίαν
1040 2843 1097 2904 trac

490 2933 521 2982 τὸ
542 2933 584 2982 τὸν
602 2933 676 2982 κακὸν
693 2935 837 2993 κοσμοῦσα,
855 2931 890 2995 μὴ
908 2927 935 2979 οὔ
954 2928 1043 2992 malope
1060 2931 1159 2990 σοφούς.

490 3014 581 3077 Κότριν
598 3015 621 3065 δ’
638 3014 741 3081 teszae,
758 3016 844 3062 ταῦτα
860 3013 909 3076 γὰρ
925 3009 1009 3074 ‘rim
1026 3011 1120 3067 τολϋς,

492 3094 571 3147 taleis
588 3095 639 3161 ἔριῷ
658 3099 700 3162 ξῦν
717 3094 789 3145 erardi
804 3092 917 3144 Μινίλινν
934 3091 1032 3153 δόμους.

490 3179 535 3230 οὐκ
552 3181 582 3230 ἂν
600 3179 701 3241 μένοντ’
720 3177 749 3228 tv
766 3177 864 3240 ἥσυχός
881 3177 909 3237 γ’
927 3172 952 3224 ἓν
969 3172 1059 3236 aspare

491 3261 584 3320 αὐταῖς
602 3259 743 3321 Ἀμύκλαις
761 3260 786 3306 τ’
804 3255 899 3320 lipaque
917 3257 976 3318 τρός
992 3255 1083 3310 Ἴλιον,

491 3341 519 3401 ἦν
538 3343 614 3405 οὑμὸς
634 3344 686 3400 υἱὸς
702 3341 798 3399 κάλλος
814 3337 1033 3401 ε1τρετίττατος,

424 3429 427 3435 ’
491 3426 504 3474 ὁ
522 3427 566 3484 τᾶς
584 3423 607 3474 δ’
626 3423 681 3474 idola
700 3441 733 3471 ννν
751 3425 805 3479 νοῦς
822 3418 921 3478 irorata
939 3418 1037 3481 Κύπρις.

209 3509 339 3574 Eurysthei
362 3509 507 3558 excusationi
530 3508 567 3574 (in
591 3509 638 3557 fine
666 3505 800 3564 Heraclid.)
817 3519 855 3569 pg.
875 3503 923 3552 112
941 3502 1030 3552 relatae
1048 3497 1110 3550 nihil
1126 3500 1224 3550 omnino
1240 3500 1404 3565 respondetur.

211 3591 317 3642 Menelai
334 3591 406 3641 verba
423 3607 450 3639 ex
468 3590 635 3640 Andromacha
651 3589 738 3640 ibidem
754 3587 828 3637 citata
845 3586 897 3651 ipsa
910 3585 962 3648 jam
977 3598 1116 3650 responsum
1130 3581 1305 3633 constituebat
1319 3583 1348 3631 sd
1363 3597 1404 3632 an·

207 3677 337 3737 tagram
352 3672 526 3722 accusationem
546 3672 658 3722 Helenae.

242 3757 270 3812 2)
289 3755 498 3820 Quemadmodum
514 3752 635 3820 aptissime
652 3751 681 3803 ab
699 3753 757 3802 lone
774 3765 910 3818 expressum
927 3753 975 3809 est,
993 3748 1041 3798 rid.
1059 3762 1098 3812 pg.
1119 3746 1175 3795 loo.

241 3838 268 3902 3)
286 3838 353 3888 Nub.
372 3835 449 3888 lota:

414 3917 507 3980 μοιχὸς
522 3917 572 3980 γὰρ
589 3915 616 3974 lle
634 3914 719 3979 τύχης
736 3914 814 3971 ἁλοὺς
831 3911 891 3961 τάδ’
908 3911 1017 3972 ἀντερεῖς
1034 3909 1093 3971 πρὸς
1108 3905 1194 3964 adeda,

408 3997 441 4058 ele
460 3995 531 4048 alltc
551 3996 679 4055 ἠδίκηκας·
697 3992 746 4044 εἴτ’
763 3992 790 4053 ἃς
805 3996 849 4043 τὸν
866 3993 908 4042 Δί’
924 3990 1110 4054 tenemus,

408 4079 518 4139 κάκεῖνος
536 4079 568 4139 ὥς
586 4079 670 4137 tireno
687 4076 778 4140 ’ἐρατός
794 4073 852 4126 iera
871 4075 912 4125 nal
929 4077 1067 4139 γυνανκὸν·

411 4163 493 4212 καίτοι
513 4163 545 4210 τῦ
563 4160 648 4219 θνητὸς
665 4157 697 4208 au
714 4157 768 4208 aare
785 4161 838 4216 mdc
854 4156 942 4222 μεῖζον
958 4155 988 4206 ἃν
1005 4153 1101 4210 Meam

250 4245 407 4297 Adversarius
423 4246 551 4312 respondet
563 4243 617 4308 joco
632 4242 758 4293 obscoeno:

416 4331 448 4379 r!
461 4327 485 4378 δ’
501 4327 529 4386 tls
546 4323 696 4390 ῥαφανιδωθῇ
713 4323 841 4384 atterente
858 4340 897 4372 τοι
914 4322 996 4390 τέφρᾳ
1012 4339 1043 4372 τι
1060 4320 1145 4384 'etam

417 4413 467 4477 ’ἐξεν
485 4409 544 4459 τίνα
561 4407 660 4472 ’γνώμην
678 4405 761 4470 Λίγενν
777 4404 808 4454 τὸ
826 4403 860 4466 μὴ
877 4403 1046 4468 ν1ρῦτρνννιτνς
1062 4399 1133 4458 alvan

216 4515 266 4564 quo
285 4501 311 4546 ut
328 4495 475 4560 significetur
491 4493 554 4559 apud
570 4491 677 4540 homines
691 4494 772 4540 tamen
788 4487 876 4537 seelera
892 4487 935 4536 illa
951 4487 1068 4554 supplicio
1084 4502 1128 4536 sno
1142 4500 1190 4534 non
1207 4499 1393 4545 mrara,ereoaa

213 4580 289 4630 tionis
305 4581 472 4642 argumentum
491 4573 644 4626 nullomodo
661 4572 788 4622 relntmnr.
805 4569 840 4618 Cf.
859 4569 923 4622 aas:

1264 4667 1278 4710 8
