3408 5360
915 507 934 570 r
1026 484 1033 496 .

327 692 494 752 educatum
520 689 746 753 fuisseomnes
767 692 934 754 testantur.
959 689 1006 753 De
1031 689 1156 754 Prodici
1180 693 1211 754 et
1223 689 1416 773 Protagorae
1428 669 1523 752 insti-

328 795 454 860 tutione
488 795 594 858 minus
629 798 772 880 conatat3
809 799 843 859 at
874 795 928 860 vix
956 795 1032 860 licet
1060 796 1206 860 dubitare
1238 796 1364 880 poetam
1389 815 1460 858 cum
1484 794 1524 857 iis

327 901 479 966 familiari
507 901 735 965 consuetudine
767 885 972 985 conjunctum
1004 901 1119 986 luisse3
1151 900 1250 966 veluti
1281 922 1351 964 oum
1376 898 1523 976 Socrate,

327 1028 391 1091 quo
415 1009 562 1091 spectant
574 1006 679 1070 variae
692 1007 883 1071 comicorum
897 1006 1045 1083 fabellae,
1061 1008 1177 1092 quibus
1189 1007 1399 1091 philosophus
1411 1009 1522 1091 poetae

328 1114 363 1176 in
385 1111 557 1196 tragoediis
580 1111 754 1176 scribendis
777 1133 871 1196 opem
891 1112 1000 1176 tulisse
1020 1112 1214 1196 perhibetur.
1229 1111 1386 1176 Narratur
1398 1132 1523 1196 quoque

328 1217 523 1301 aliquamdiu
553 1216 707 1281 Salamini
730 1217 764 1280 in
789 1217 939 1300 spelunca
962 1217 1091 1282 horrida
1116 1221 1256 1282 moratus
1281 1239 1356 1282 esse.
1382 1217 1523 1300 Rempu·

327 1323 442 1388 blicam
474 1344 649 1407 numquam
681 1322 867 1407 capessivit3
890 1323 1012 1388 alienus
1038 1346 1056 1387 a
1080 1324 1198 1389 civium
1221 1325 1313 1388 coetu
1334 1323 1433 1388 vitam
1458 1322 1525 1406 egit

328 1430 478 1507 otiosam,
503 1429 615 1493 studiis
638 1429 795 1506 deditam,
820 1449 882 1512 quo
906 1428 1039 1494 oonsilio
1059 1429 1157 1494 libros
1181 1430 1289 1494 sedulo
1316 1428 1522 1513 comparavit.

374 1535 449 1599 Fuit
472 1535 556 1599 tristi
580 1534 689 1611 vultu,
712 1534 853 1598 moribus
866 1535 991 1601 severis.
1005 1534 1202 1601 Histrionem
1215 1539 1247 1600 et
1258 1535 1394 1600 amicum
1407 1533 1523 1597 famili·
1603 1528 1605 1532 ’

323 1664 414 1706 arem
438 1641 552 1705 habuit
576 1639 878 1725 Cephisophontem.
904 1639 1044 1705 Crimine
1067 1640 1216 1704 adulterii
1240 1663 1313 1704 oum
1337 1641 1524 1725 hoojuvene

329 1748 488 1813 commissi
518 1768 647 1811 uxorem
672 1745 852 1811 Choerilam
877 1747 1059 1831 repudiasse
1083 1749 1115 1810 ct
1137 1747 1211 1811 inde
1235 1747 1275 1810 ab
1299 1747 1360 1811 hoc
1383 1749 1525 1829 tempore

329 1857 433 1918 totum
468 1853 620 1917 muliebre
651 1873 751 1937 genus
774 1853 953 1936 increpasse
975 1852 1086 1919 fertur.
1125 1851 1219 1917 Certo
1245 1874 1309 1916 non
1335 1854 1460 1916 constat
1483 1872 1525 1914 an

329 1960 461 2025 alteram
485 1980 611 2043 quoque
635 1980 763 2022 uxorem
787 1959 921 2023 duxerit.

376 2065 514 2129 Fabulae
534 2066 645 2129 docere
665 2065 770 2148 coepit
791 2063 840 2128 Ol.
863 2066 939 2128 812
960 2064 1099 2149 quinque
1119 2069 1151 2128 et
1167 2063 1399 2146 vigintiannos
1411 2068 1506 2127 natus
1517 2082 1524 2139 ;

330 2193 431 2255 neque
455 2173 521 2235 eius
544 2169 726 2254 tragoediae
750 2171 812 2234 nisi
834 2170 1001 2254 quinquies
1025 2171 1143 2254 primas
1162 2170 1320 2254 tulerunt3
1334 2173 1445 2253 quater
1462 2169 1526 2233 vivi

329 2281 442 2363 poetae
465 2277 561 2341 semel
586 2277 721 2353 mortui,
746 2298 765 2339 a
788 2276 854 2341 filio
878 2298 990 2341 scenae
1014 2277 1208 2341 commissae.

377 2383 493 2447 Aetate
530 2385 700 2466 provectus
731 2388 845 2468 rogatu
876 2384 960 2468 regis
992 2383 1140 2448 Archelai
1171 2385 1211 2447 ad
1248 2383 1466 2447 Macedoniam
1493 2403 1526 2446 se

330 2490 486 2567 eontulit,
508 2492 541 2553 et
556 2490 590 2552 iu
602 2489 716 2553 itinere
729 2489 912 2573 Magnesiae
924 2494 1067 2575 receptus
1080 2489 1273 2573 summisque
1286 2488 1461 2552 honoribus
1473 2509 1526 2552 or-

330 2601 426 2660 natus
449 2599 507 2660 est.
533 2589 663 2678 Magna
677 2595 781 2678 gratia
802 2599 884 2680 apud
907 2617 1014 2679 regem
1027 2595 1136 2658 floruit
1148 2597 1180 2658 et
1192 2595 1357 2659 etiamtum
1370 2597 1526 2679 quaedam

330 2701 456 2785 scripsit
480 2703 634 2764 dramata.

266 2829 315 2876 406
380 2805 426 2869 De
450 2806 516 2870 eius
541 2809 642 2869 morte
663 2803 726 2888 (Ol.
751 2806 842 2891 93,2)
861 2806 1077 2889 ineptissimae
1097 2810 1267 2872 traduntur
1287 2807 1423 2872 fabulae.
1448 2808 1526 2873 Plu-

332 2912 404 2976 rimi
435 2916 579 2976 auctorea
598 2933 670 2976 eum
695 2912 826 2976 canibus
851 2912 1062 2997 discerptum,
1084 2913 1218 2978 ceteris
1239 2913 1423 2978 mulieribus
1442 2915 1526 2979 lace·

332 3023 437 3082 ratum
462 3017 580 3081 ferunt.
606 3017 841 3101 Reputantibus
866 3019 972 3082 autem
993 3039 1103 3083 omnes
1122 3019 1188 3084 fere
1209 3019 1402 3084 Graecorum
1423 3019 1528 3084 homi-

333 3146 388 3188 nes
412 3124 568 3200 illustres,
592 3124 777 3207 praesertim
803 3128 930 3206 poetas,
956 3125 1099 3190 mirificis
1123 3126 1279 3190 mortibus
1300 3126 1428 3210 periisse
1446 3127 1527 3206 dici,

333 3231 411 3294 haec
434 3250 560 3313 quoque
581 3228 698 3292 fabella
718 3228 813 3294 alicui
833 3230 984 3314 nugatori
1004 3231 1110 3294 deberi
1132 3231 1297 3296 videbitur.
1320 3231 1422 3308 Quam
1433 3236 1527 3297 credo

332 3337 463 3422 perinde
499 3357 535 3400 ac
566 3335 783 3399 accusationes
815 3337 966 3420 quasdam
998 3337 1214 3421 impudicitiae
1246 3338 1278 3421 (a
1310 3339 1529 3403 recentissimo

333 3444 488 3527 scriptore
509 3442 630 3525 illatas)
655 3442 732 3505 satis
756 3441 906 3526 redargui
930 3442 1121 3506 comicorum
1146 3443 1289 3526 silentio,
1315 3443 1371 3527 qui
1394 3444 1471 3508 talia
1493 3445 1528 3508 in

334 3569 423 3612 suam
444 3569 511 3611 rem
531 3550 714 3611 convertere
735 3546 879 3631 profecto
902 3568 968 3611 non
989 3548 1241 3631 praetermissuri
1252 3547 1397 3614 fuissent.
1412 3550 1442 3614 A
1455 3571 1530 3635 rege

334 3653 503 3737 magnifice
534 3651 677 3736 sepultus
709 3655 772 3729 est;
807 3654 848 3717 ab
879 3652 1132 3717 Atheniensibus
1162 3655 1352 3740 cenotaphio
1376 3656 1530 3741 inscripto

334 3759 563 3843 epigrammate
583 3758 766 3823 honoratus.
789 3758 940 3823 Proditur
960 3760 1056 3823 etiam
1078 3757 1249 3843 Sophocles
1269 3761 1302 3825 in
1318 3761 1442 3825 theatro
1457 3784 1529 3827 oum

224 3959 226 3962 Ι
334 3864 430 3928 choro
454 3863 550 3948 pullis
575 3863 715 3928 vestibus
739 3865 806 3929 eius
830 3867 964 3929 mortem
989 3864 1117 3930 luxisse.
