3418 5356
751 535 754 541 Ι
864 444 927 510 114

299 626 544 692 difficultatibus
565 628 778 711 implicantur.
799 626 992 692 Plutarchus
1011 625 1129 690 frustra
1148 626 1261 690 nititur
1280 631 1312 690 et
1331 626 1491 690 cruciatur

300 735 337 796 ut
367 733 452 798 viam
476 733 622 797 inveniat
645 754 709 817 qua
733 733 777 797 dii
800 733 968 817 populares
991 733 1110 797 servari
1133 732 1276 817 possint,
1299 753 1358 796 nec
1381 735 1492 796 tamen

295 839 450 922 juventus
485 859 593 904 eorum
627 839 790 904 levitatem
822 839 941 904 imitari
970 840 1126 904 sustineat
1140 841 1176 924 ¹).
1212 839 1305 903 Plato
1335 837 1493 922 intelligit

299 948 468 1029 utrumque
504 946 657 1030 conjungi
690 967 756 1010 non
787 966 896 1030 posse,
922 946 1029 1029 itaque
1052 949 1163 1029 poetas
1186 966 1297 1009 omnes
1320 967 1339 1008 a
1361 945 1492 1009 civitate

297 1072 355 1116 aua
385 1051 516 1136 relegat.
548 1051 693 1117 Socrates
717 1073 842 1137 quoque
868 1051 1052 1117 Platonicus
1074 1051 1301 1136 Euthyphroni
1323 1051 1369 1134 (in
1393 1070 1489 1135 cogn.

298 1156 371 1220 dial.
395 1179 427 1240 p.
441 1157 488 1242 ·6)
511 1157 720 1222 contendenti
742 1161 828 1222 reete
851 1179 884 1222 se
906 1161 1028 1242 patrem
1053 1157 1265 1234 accusavisse,
1286 1155 1488 1239 quodetiam

240 1249 243 1255 ⁵
296 1261 425 1346 Jupiter
455 1261 594 1328 Saturno
626 1284 692 1328 non
723 1263 931 1349 pepercisset,
962 1265 1134 1347 respondet
1165 1283 1197 1326 se
1221 1261 1285 1325 illis
1307 1260 1426 1324 fabulis
1450 1261 1489 1324 de

295 1365 376 1433 Jove
411 1370 444 1432 et
477 1367 614 1433 Saturno
647 1368 769 1433 nullam
802 1369 895 1433 fidem
929 1369 1112 1452 adjungere.
1145 1367 1256 1451 Neque
1279 1368 1405 1450 praeter
1428 1366 1490 1428 hoe

296 1475 382 1555 quod
413 1473 532 1538 diceret
563 1473 704 1539 habebat
734 1476 797 1540 nisi
827 1477 885 1540 aut
916 1474 1182 1560 Eluthyphronem
1214 1473 1343 1538 laudare
1375 1471 1489 1555 vellet,

295 1579 351 1640 aut
374 1579 545 1644 concedere
571 1583 645 1645 deos
670 1580 791 1646 nullam
816 1603 940 1646 morum
962 1581 1166 1646 sanctitatem
1190 1581 1365 1646 observare.

690 1765 708 1848 ἐ
735 1764 765 1832 5.
799 1764 851 1830 De
874 1765 1086 1831 Divinatione.

339 1913 487 1978 Vidimus
516 1915 556 1980 ab
579 1914 733 2000 Euripide
754 1919 850 1981 modo
874 1939 1029 1981 summam
1053 1919 1245 2002 potestatem
1266 1915 1488 2000 justitiamque

292 2019 327 2082 in
352 2019 425 2083 deos
449 2020 619 2104 populares
642 2021 796 2105 conferri,
823 2024 917 2087 modo
938 2045 1046 2087 eorum
1066 2023 1285 2088 infirmitatem
1306 2021 1486 2086 levitatem-

292 2145 354 2207 que
377 2125 433 2190 ubi
456 2131 611 2210 apparent
630 2127 835 2192 vehementer
854 2128 1037 2212 improbari.
1063 2127 1379 2192 Divinationem
1404 2148 1485 2210 quo·

291 2251 353 2313 que
376 2229 586 2296 diversissime
610 2232 750 2297 adhibet.
775 2233 850 2298 Non
874 2256 946 2299 raro
970 2239 1194 2319 argumentum
1220 2235 1334 2297 nititur
1356 2233 1486 2297 oraculo

293 2337 446 2419 quodam,
483 2338 571 2402 cuius
599 2340 716 2403 veritas
743 2347 857 2404 eventu
882 2341 1099 2407 confirmatur.
1124 2340 1163 2405 In
1188 2339 1314 2404 Helena
1335 2339 1487 2403 Theonoe

292 2440 473 2506 Menelaum
505 2447 706 2526 praesentem
740 2467 807 2509 esse
839 2445 987 2530 protinus
1021 2446 1262 2518 animadvertit;
1288 2446 1325 2508 lo
1349 2444 1486 2527 Pythiae

219 2543 231 2559 '
290 2569 441 2632 responso
476 2547 613 2614 Creusae
649 2552 793 2616 redditur
801 2572 809 2628 ;
847 2552 1034 2636 Iphigeniae
1064 2553 1159 2619 Taur.
1193 2551 1352 2616 somnium
1374 2571 1485 2614 verum

289 2654 404 2717 evadit.
438 2654 478 2719 In
508 2653 635 2720 Electra
658 2655 784 2722 Orestes
806 2658 891 2721 redit
913 2661 1086 2722 secundum
1110 2657 1272 2743 Apollinis
1295 2654 1483 2740 effatum⁹);

288 2757 322 2821 in
353 2757 531 2823 Heraclidis
567 2759 757 2845 Demophon
787 2764 1003 2847 superstitiose
1026 2765 1134 2828 omnia
1159 2763 1293 2847 auguria
1316 2761 1481 2838 observat,

287 2864 402 2946 quibus
427 2885 498 2927 cum
525 2865 668 2930 Macaria
691 2866 873 2932 voluntaria
897 2873 1000 2934 morte
1023 2870 1272 2954 obtemperavit,
1292 2867 1483 2953 profligatur

289 2967 483 3052 Argivorum
509 2971 675 3036 exercitus.
700 2971 763 3047 Qui
785 2977 903 3038 temere
927 2974 1005 3038 alios
1028 2974 1169 3059 periculo
1193 2976 1409 3060 exposuerunt
1432 2973 1482 3038 vi-

287 3077 478 3158 tuperantur
512 3077 597 3160 quod
630 3081 739 3142 vatum
783 3101 935 3164 responsa
966 3080 1176 3165 neglexerint.
1202 3080 1272 3145 Hoc
1295 3080 1423 3143 nomine
1446 3081 1482 3144 in

285 3178 490 3264 Supplicibus
529 3181 668 3248 Theseus
702 3188 840 3249 Adrasto
865 3185 982 3250 bellurn
1006 3186 1218 3264 Thebaicum,
1241 3187 1277 3250 in
1300 3183 1481 3270 Hippolyto

286 3284 392 3349 Diana
414 3285 536 3352 Theseo
559 3288 618 3352 filii
641 3291 888 3356 exsecrationem
912 3292 1092 3376 exprobrat.

560 3491 619 3541 ἈΔ.
631 3489 688 3542 otta
704 3494 753 3556 γὰρ
771 3489 832 3544 εἶναι
849 3494 913 3544 πάνυ
930 3495 996 3558 φημὶ
1013 3492 1087 3553 δίκην.

557 3581 598 3623 ΔΙ.
633 3573 677 3624 oda
693 3571 754 3625 stam
771 3575 833 3639 daie,
851 3579 911 3627 ἈΔ.
929 3577 988 3641 φέρι
1003 3578 1066 3640 γὰρ,
1083 3580 1131 3626 τοῦ
1149 3579 1227 3634 ’cram

557 3662 597 3705 ΔΙ.
632 3658 698 3719 παρὰ
716 3661 784 3707 τοῖσι
801 3657 869 3717 θεοῖς.

558 3738 618 3786 'Aah
630 3743 682 3799 πῶς
699 3737 764 3797 δῆτα
781 3738 849 3799 δίκης
866 3739 940 3800 οὔσης
957 3742 970 3790 d
988 3743 1047 3800 Ζεῦς

629 3819 673 3870 οὐκ
689 3820 819 3872 ἀπόλωλεν
836 3825 880 3872 τὸν
898 3821 988 3886 πατέρ’
1004 3821 1083 3873 αὑτοῦ

631 3901 725 3963 tecam
742 3913 783 3955 ΔΙ.
799 3904 881 3968 αἰβοῖ,
898 3905 974 3956 τουτὶ
990 3906 1033 3956 nat
1049 3904 1078 3963 ta

628 3982 708 4048 χωρεῖ
722 3988 752 4036 τὸ
778 3990 864 4045 eandm
881 3985 939 4037 δότε
956 4006 998 4049 μοι
1016 3987 1125 4046 λεκάνην.

323 4067 378 4116 Hoc
396 4083 490 4131 quoque
504 4066 556 4116 loco
575 4063 669 4125 δίκαιος
683 4071 760 4132 λόγος
773 4072 899 4120 manifesto
916 4067 1008 4133 ἀπορεῖ.
1026 4072 1197 4138 Aristophanes
1212 4073 1256 4123 has
1272 4075 1481 4139 ratiocinationes,

290 4147 375 4209 quibus
397 4148 461 4197 haud
487 4146 556 4196 dubie
578 4148 641 4198 locos
666 4151 807 4216 Euripideos
830 4144 940 4220 respicit,
957 4155 1065 4219 prolerre
1082 4170 1130 4203 non
1148 4153 1277 4215 debuisset,
1296 4157 1342 4206 nisi
1360 4159 1481 4211 deiiceret.

288 4229 379 4278 Vereor
397 4231 460 4279 enirn
477 4246 506 4279 ne
523 4246 562 4279 aas
578 4229 623 4279 hoe
639 4233 710 4282 modo
727 4233 816 4284 civibus
833 4237 913 4301 polius
929 4237 1073 4302 probaverit.

320 4311 347 4373 1)
364 4312 395 4360 ln
411 4312 441 4363 L:
461 4313 579 4377 quomodo
595 4313 731 4364 adulescens
747 4320 829 4381 poetas
845 4318 927 4368 audire
944 4318 1034 4369 debeat.

318 4394 345 4458 2)
364 4394 459 4459 Polyidi
478 4396 562 4445 drama
580 4396 715 4461 perditum,
733 4399 801 4448 cuius
817 4405 882 4450 actas
898 4401 1033 4465 ignoratur,
1050 4404 1129 4452 toturn
1144 4403 1238 4453 videtur
1251 4410 1371 4455 versatum
1388 4423 1438 4474 ease
1452 4409 1479 4459 in

283 4476 370 4542 insigni
387 4482 456 4534 arte.
473 4494 520 4541 qua
539 4482 611 4528 notus
625 4478 667 4528 ille
681 4483 747 4530 vates
761 4481 876 4532 Glaucum
890 4498 991 4548 puerum
1005 4482 1173 4549 investigatum
1187 4490 1212 4535 et
1224 4486 1332 4538 invitam
1342 4494 1480 4541 revocatum

281 4559 346 4626 patri
364 4558 469 4609 reddidit
486 4561 528 4625 (el.
547 4561 610 4626 Hyg.
628 4562 674 4612 lab.
694 4564 754 4624 las,
772 4565 882 4629 Apollod.
901 4566 953 4624 Ill,
970 4567 994 4624 8,
1013 4566 1048 4630 l).
