3408 5360
925 459 968 524 44

353 640 477 705 coelum
501 645 680 724 terramque
699 641 872 705 secretione
896 645 966 706 orta
987 663 1063 709 esse.
1087 640 1122 707 Si
1141 646 1222 707 esset
1241 643 1473 707 decernendum
1498 643 1532 706 ad

356 747 456 811 utrius
490 747 643 831 placitum
673 745 845 830 Euripiden
874 748 1004 832 propius
1038 748 1208 825 accedant,
1233 749 1273 812 ad
1296 747 1533 833 Anaxagorenm

354 852 500 946 dicerem.
524 852 640 917 Verum
666 855 821 936 qnantum
844 853 977 918 interest
998 855 1083 919 inter
1105 854 1234 918 subtilia
1256 854 1313 918 illa
1336 853 1534 939 philosophe·

352 963 438 1023 mata
458 963 489 1032 et
508 957 663 1041 simplicia
681 957 841 1042 Euripidis
859 959 972 1023 verba:
993 959 1113 1037 οὐρανός
1127 984 1162 1024 σε
1176 960 1258 1036 aare
1271 955 1336 1031 σ’ἦν
1347 962 1451 1039 μορφὴ
1463 963 1534 1043 μία,

353 1066 419 1130 ἐπεὶ
431 1064 458 1129 δ’
471 1065 678 1146 ἐχωρίσθησαν
690 1068 834 1139 αλλήλων
848 1066 936 1144 δίχα.
948 1116 955 1132 .
966 1114 972 1130 .
985 1114 992 1129 .
1014 1065 1226 1131 Concedimns
1238 1069 1365 1150 poetam
1377 1066 1534 1151 quitatem

352 1170 585 1256 philosophiam
599 1169 676 1234 velit
687 1171 836 1256 evulgare
848 1193 917 1234 eam
928 1171 963 1235 in
976 1171 1241 1256 simplicissimam
1254 1170 1390 1236 formam
1398 1171 1535 1257 redigere

353 1277 482 1352 debere;
507 1277 540 1339 at
563 1275 641 1340 haec
661 1297 732 1340 cnm
752 1277 1031 1354 diversa'snnt,
1052 1277 1207 1362 siquidem
1228 1276 1332 1342 Anax.
1354 1297 1420 1341 non
1444 1298 1535 1360 expo·

352 1382 416 1447 suit
434 1381 526 1446 initio
545 1381 652 1446 omnia
670 1380 802 1446 confusa
814 1381 908 1446 fnisse
920 1404 1030 1448 verum
1043 1387 1178 1448 secretos
1187 1384 1254 1467 jam
1268 1387 1340 1447 aira
1352 1387 1384 1447 et
1395 1382 1537 1459 aethera,

352 1492 421 1553 tum
456 1488 747 1573 gravissimam
778 1511 860 1553 rem
895 1489 1103 1556 omittunt.
1135 1488 1219 1555 Naro
1243 1489 1538 1574 secundumphilo·

352 1594 487 1679 sophum
509 1594 653 1658 omniurn
676 1616 780 1659 rerum
805 1594 973 1680 descriptio
996 1595 1108 1660 effecta
1127 1598 1176 1660 est
1198 1595 1229 1660 ri
1249 1595 1375 1660 mentis.
1411 1592 1458 1660 De
1481 1616 1540 1679 qua

354 1702 448 1785 poeta
479 1722 520 1764 ne
543 1700 638 1764 verbo
662 1700 799 1785 quidem.
829 1698 921 1765 Nihil
943 1700 1008 1765 fere
1030 1700 1064 1764 in
1089 1701 1192 1766 verbis
1215 1701 1292 1784 ipsis
1314 1700 1471 1784 reliquum
1495 1703 1541 1764 est

354 1807 438 1891 quod
458 1807 497 1870 de
511 1805 721 1890 Anaxagorae
732 1806 911 1870 imitatione
923 1806 1063 1891 cogitare
1077 1827 1134 1872 nor
1146 1807 1273 1892 jubeat,
1287 1827 1390 1890 neque
1402 1804 1540 1890 profecto

353 1913 419 1977 eius
453 1912 598 1997 cuiquam
631 1913 767 1978 venisset
798 1912 833 1976 in
857 1916 994 1976 ruentem
1019 1911 1081 1976 nisi
1105 1914 1216 1997 poetae
1239 1914 1425 1996 praeceptor
1447 1910 1540 1976 fuisse

353 2018 505 2083 ferretur

400 2123 452 2188 Mc
483 2125 589 2209 judice
623 2125 790 2209 Euripides
822 2124 945 2190 duobus
975 2124 1039 2189 illis
1071 2124 1231 2190 versiculis
1262 2125 1363 2208 magis
1395 2123 1541 2208 antiquas

354 2231 575 2315 cosmogonias
610 2233 753 2308 secutus,
787 2252 866 2315 quas
888 2252 1001 2315 parurn
1033 2230 1157 2295 differre
1187 2230 1341 2313 vidimus,
1365 2230 1425 2294 hoo
1448 2231 1541 2295 modo

354 2337 483 2422 physice
503 2337 673 2422 expressit,
696 2359 777 2422 quae
800 2338 989 2423 jamdudum
1013 2336 1237 2401 eruditioribus
1257 2335 1450 2402 Graecorum
1470 2357 1542 2422 pro-

351 2443 428 2507 bata
451 2447 551 2507 erant

401 2547 628 2614 Verumtamen
652 2548 747 2614 Dion.
769 2549 843 2614 Hal.
868 2550 920 2634 (de
944 2552 1012 2614 arte
1035 2549 1130 2613 Rhet.
1156 2547 1248 2613 VIII.
1272 2549 1328 2637 10)
1345 2548 1418 2613 illos
1438 2570 1544 2614 versus

354 2656 507 2721 citaturus
554 2655 691 2720 affirmat
725 2654 909 2740 Euripidem
945 2654 979 2719 in
1016 2653 1196 2739 Melanippe
1231 2655 1377 2720 consulto
1410 2654 1542 2720 Anaxa-

353 2782 449 2847 gorea
480 2759 680 2847 docuisse¹),
711 2762 806 2845 idque
836 2761 940 2845 priore
970 2781 1062 2826 versu
1087 2761 1298 2846 significasse:
1330 2764 1425 2827 κούκ
1449 2763 1543 2837 ἐμὸς

353 2870 367 2933 ό
409 2871 530 2944 μῦόος
574 2867 663 2933 ἀλλ’
707 2868 805 2944 ἐμῆς
845 2867 993 2947 μητρός
1029 2867 1148 2947 πόρον.
1184 2866 1218 2934 L.
1250 2868 1308 2933 IX.
1344 2869 1394 2932 11.
1431 2868 1545 2933 iisdem

353 2974 417 3040 fere
451 2975 544 3040 dictis
576 2975 677 3039 addit:
718 2975 953 3055 ἐπιγέγραπται
984 2975 1040 3052 μὲν
1070 2977 1150 3056 σοφὴ
1183 2976 1239 3060 (sc.
1270 2975 1466 3062 Melanippa)
1497 2972 1545 3040 ὅτι

354 3088 536 3161 φιλοσοφοῖ,
570 3081 622 3146 καὶ
655 3083 704 3146 aa
734 3086 822 3146 τοῦτο
857 3081 1000 3157 τοιαύτης
1038 3082 1295 3167 (Φολοσοφοόσηρ)
1324 3084 1435 3160 μητρός
1462 3083 1546 3148 ἕσσον

355 3192 422 3272 (τῆς
442 3189 581 3273 Ἱπποῦς)
601 3185 649 3252 ἵνα
670 3191 713 3264 μη
734 3189 879 3259 οὶπόόανος
900 3185 917 3270 I
939 3191 1154 3270 ηφολοσοφόα.
1173 3187 1219 3253 At
1238 3188 1389 3273 quisque,
1410 3189 1545 3274 opinor,

358 3293 436 3358 mihi
453 3294 598 3378 ignoscet
620 3292 764 3379 Dionysii
782 3293 856 3359 huie
876 3316 980 3360 merae
999 3296 1199 3381 conjecturae
1212 3294 1307 3359 fidem
1319 3296 1504 3381 deneganti.
1520 3295 1552 3376 ς)’

353 3398 437 3465 Nam
467 3400 494 3464 si
523 3400 662 3485 tragicus
694 3400 840 3466 consulto
861 3401 921 3465 sub
945 3399 1146 3486 Melanippae
1169 3421 1303 3485 persona
1327 3403 1546 3486 praeceptoris

355 3507 404 3572 sui
434 3507 585 3592 dogmata
616 3508 781 3572 enuntiare
804 3508 972 3586 voluisset,
996 3506 1138 3592 profecto
1162 3506 1345 3592 diligentius
1368 3509 1403 3572 in
1426 3508 1487 3574 hac
1511 3531 1548 3574 re

355 3617 497 3678 versatus
520 3613 641 3678 fuisset.
667 3612 731 3680 Gur
753 3635 827 3678 vero
851 3633 917 3677 non
936 3614 1043 3698 potius
1063 3613 1174 3678 matris
1185 3613 1404 3699 Melanippen,
1417 3614 1549 3700 Hippus

355 3743 398 3786 sc.
422 3742 589 3805 personam
613 3721 833 3806 assumpsisset
855 3721 955 3805 (euius
974 3724 1085 3806 partus
1108 3719 1324 3786 clandestinus
1346 3741 1412 3786 non
1436 3721 1550 3787 minus

354 3828 545 3893 conveniens
567 3828 749 3911 tragoediae
770 3827 966 3913 praebuisset
989 3830 1245 3914 argumentum),
1266 3828 1393 3912 quaesi
1413 3832 1549 3893 senteu-

390 4022 416 4085 l)
435 4019 470 4070 Ib.
486 4018 640 4083 συγγέγονεν
656 4021 811 4085 Ἀναξαγόρᾳ
829 4015 993 4079 ostracon.
1011 4017 1095 4082 δόγμα
1110 4017 1133 4067 δ’
1143 4015 1170 4076 ην
1181 4019 1263 4086 Ἀναξ.
1274 4020 1304 4068 πό
1315 4019 1376 4080 όμοό
1386 4018 1471 4069 πάντα
1480 4019 1552 4083 χριό-

356 4120 443 4164 μαπα·
466 4104 534 4164 μετόν
548 4105 634 4151 ταῦτα
651 4105 832 4166 συγγενόμενος
847 4099 969 4162 Σωκρόπσο
986 4101 1028 4150 καὶ
1046 4101 1184 4163 κρνόππονος
1202 4103 1280 4164 λόγον
1298 4103 1451 4165 μετασχὼν,
1469 4100 1554 4167 ἐξιόν-

357 4202 404 4244 σας
427 4184 459 4243 ὥς
482 4183 538 4248 inci
555 4184 678 4235 δοκεῖκαὶ
696 4186 739 4234 τόν
757 4185 922 4249 Ἀναξαγόραν
942 4184 1016 4247 λόγον
1034 4181 1130 4244 μνῆμηρ
1149 4179 1174 4232 ἐν
1190 4186 1244 4241 τοῖς
1262 4181 1398 4246 δράμασιν,
1417 4181 1554 4249 ἐξήγαγεν

356 4265 419 4318 αὐτὸ
437 4269 467 4318 πό
485 4267 570 4331 δόγμα
586 4264 612 4317 ἦν
630 4271 662 4332 τῇ
679 4267 828 4330 Mutarim
845 4269 877 4330 τῇ
894 4269 965 4332 σοφῇ.
980 4265 994 4322 ἦ
1009 4269 1069 4330 γοῦν
1085 4265 1151 4329 ἀρχὴ
1167 4269 1212 4315 τοῦ
1229 4268 1306 4329 λόγον
1320 4264 1389 4329 αὐτῷ
1400 4265 1554 4316 αἰνίσσεται

357 4350 402 4409 πρὶν
420 4351 478 4412 πρὸς
495 4351 538 4400 τόν
556 4347 704 4399 διδάσκαλον
723 4348 904 4412 obvolutione?
920 4350 969 4413 γὰρ
988 4348 1002 4404 οἱ
1020 4348 1169 4405 Μελανίππη
1180 4367 1184 4376 ·
1195 4346 1255 4398 κούκ
1273 4345 1333 4409 trade
1350 4367 1365 4398 rc
1391 4367 1415 4398 π,
1434 4360 1457 4398 λ.

389 4434 417 4498 2)
436 4433 489 4482 Nisi
514 4434 577 4483 forte
598 4434 730 4483 communie
751 4448 845 4497 quoqne
866 4432 996 4482 sentent-iae
1018 4432 1044 4480 in
1067 4430 1160 4480 Helena
1177 4434 1221 4492 (vr.
1242 4433 1316 4492 513):
1336 4429 1414 4490 δεινῆς
1430 4431 1556 4496 ἀνάγκης

356 4513 424 4564 οὐδὲν
442 4513 540 4579 ἶσχόενν
557 4514 640 4575 πλόον,
658 4519 741 4565 auctor
759 4514 825 4565 nobie
841 4515 986 4579 indagandus
1004 4514 1064 4573 crit,
1082 4505 1145 4578 quod
1161 4515 1296 4579 praecedat:
1314 4515 1390 4577 λόγος
1403 4514 1453 4577 γόρ
1471 4511 1555 4564 ἐστιν

356 4595 400 4646 οὐκ
417 4594 477 4659 ἐμός
494 4602 597 4660 σοφόν
614 4595 705 4656 δ”όπος
