3422 5362
783 431 844 498 181

221 634 333 680 causae
355 613 389 678 in
412 617 563 700 promptu
585 618 670 681 sunt.
694 615 785 682 Nulli
808 616 952 682 homines
973 615 1134 702 Euripidis
1154 617 1285 703 ingenio
1305 619 1407 704 magis

218 720 443 805 repugnabant
477 743 573 807 quam
602 721 796 806 Spartiatae,
825 723 881 809 qni
911 727 1001 789 artes
1029 722 1274 809 disciplinasque
1296 746 1407 792 omnes

218 828 475 906 contemnerent,
501 826 547 891 nil
571 827 633 893 nisi
655 849 768 914 corpus
792 829 941 895 colerent.

304 1143 327 1183 c.
363 1119 541 1196 Quarum
565 1121 757 1205 partium
781 1121 970 1185 civilium
996 1125 1186 1187 sectator
1209 1127 1319 1190 esset

691 1239 928 1326 Euripides.

262 1453 308 1518 Ut
337 1457 586 1520 consentaneum
618 1457 667 1521 est
697 1455 732 1520 in
764 1455 894 1520 homine
917 1457 968 1521 cui
992 1459 1058 1520 tam
1083 1478 1157 1522 cara
1180 1462 1263 1524 esset
1283 1461 1410 1544 patria,

218 1560 355 1626 multum
390 1561 457 1626 eius
490 1562 644 1627 intererat
679 1584 760 1648 quae
794 1562 878 1627 ratio
912 1561 1121 1628 intercederet
1147 1563 1233 1628 inter
1262 1565 1409 1633 Athenas

218 1671 426 1751 externasque
455 1670 585 1751 gentes,
608 1671 642 1732 et
664 1669 823 1754 quomodo
849 1667 883 1733 in
907 1667 977 1752 ipsa
999 1667 1129 1733 civitate
1153 1691 1283 1736 suares
1307 1672 1409 1736 admi·

220 1773 441 1841 nistrarentur.
466 1773 506 1839 In
530 1773 694 1838 nonnullis
714 1773 832 1838 fabulis
851 1774 962 1859 procul
984 1773 1080 1838 dubio
1101 1778 1230 1840 exstant
1249 1776 1408 1842 foederum

218 1884 251 1945 et
272 1880 428 1946 bellorum
452 1880 724 1964 significationes,
749 1902 830 1965 quae
854 1884 981 1964 tamen,
1007 1880 1034 1945 si
1052 1881 1220 1966 ignoratur
1239 1905 1303 1968 quo
1324 1905 1409 1948 anno

219 1986 325 2052 fabula
354 2009 467 2052 scenae
498 1987 667 2052 commissa
697 1987 756 2071 sit,
791 1987 843 2052 rix
869 2009 941 2052 cnm
966 1991 1053 2052 certa
1076 1987 1138 2052 lide
1162 1992 1202 2052 ad
1228 2011 1278 2054 res
1302 1997 1409 2075 gestas

223 2094 364 2158 revocari
387 2096 531 2179 possunt.
564 2092 633 2169 Qua
664 2097 703 2158 dc
732 2115 766 2158 re
798 2116 878 2179 quae
902 2094 1113 2179 conjiciuntur
1139 2096 1269 2180 exposui
1294 2097 1357 2161 fere
1375 2097 1411 2162 in

223 2200 486 2266 annotationibus
508 2201 548 2265 ad
571 2222 645 2286 pag.
672 2200 816 2265 10-15.

264 2305 336 2371 Jarn
374 2328 564 2391 quaeramus
596 2307 673 2392 qnid
702 2309 740 2371 de
764 2305 927 2390 republica
951 2307 1092 2391 regenda
1115 2308 1284 2376 censuerit.
1319 2307 1410 2384 Quod

218 2414 253 2477 id
283 2434 349 2478 non
382 2414 450 2478 sine
481 2414 585 2478 fructu
617 2434 767 2497 quaerere
790 2435 976 2497 possumus,
1000 2413 1033 2477 id
1057 2418 1222 2498 acceptum
1246 2415 1410 2480 referimus

220 2521 396 2604 temporum
429 2519 588 2596 incuriae,
619 2540 682 2604 qus
713 2518 899 2603 Euripides,
924 2519 1055 2584 heroum
1078 2520 1282 2606 antiquorum
1307 2541 1409 2586 mores

219 2648 291 2692 cum
312 2627 519 2712 depingeret,
538 2648 614 2691 suae
633 2626 746 2690 aetatis
769 2625 854 2710 leges
870 2629 903 2690 et
912 2626 1062 2690 instituta
1074 2625 1113 2691 iis
1124 2626 1282 2712 praebuit
1307 2627 1410 2711 lteges

218 2736 302 2817 apud
334 2755 406 2797 enm
440 2732 521 2796 nihil
549 2732 652 2796 invito
679 2731 798 2816 populo
823 2732 873 2796 vei
896 2733 1035 2797 exercitu
1058 2732 1160 2798 iacere
1183 2733 1313 2798 audent.
1348 2733 1409 2799 Ion

217 2838 295 2924 (vid.
318 2860 373 2924 pg.
402 2839 479 2922 178)
499 2843 531 2903 et
551 2837 690 2903 Theseus
710 2836 835 2923 (Suppl.
858 2839 922 2903 232
935 2841 1019 2926 sqq.)
1032 2839 1282 2905 narrantstudia
1293 2840 1408 2904 civium

216 2946 305 3030 quasi
324 2945 503 3030 aequalium
523 2948 652 3028 poetae;
674 2944 753 3028 quin
766 2944 863 3008 etiarn
876 2943 1009 3008 Hecuba
1020 2946 1068 3022 (in
1081 2965 1176 3030 cogn.
1190 2945 1254 3012 iah.
1269 2946 1332 3011 291
1347 2947 1408 3031 sq.)

217 3052 331 3117 diserte
362 3054 517 3136 provocat
547 3050 587 3113 ad
618 3048 720 3134 legem
756 3052 794 3114 de
826 3050 924 3115 servis
956 3049 1055 3114 latam
1087 3051 1221 3115 florente
1247 3052 1411 3136 republica

218 3158 472 3224 Atheniensium.
516 3156 629 3241 ltaque
663 3155 847 3241 opinionem
883 3178 974 3221 snam
1009 3161 1104 3242 poeta
1138 3179 1231 3242 saepe
1266 3158 1409 3243 personis

216 3264 347 3330 scenicis
370 3264 493 3330 tribuit.
672 3247 674 3252 ¹

261 3371 326 3438 Vix
360 3392 441 3455 opos
474 3374 523 3436 est
545 3369 647 3435 dicere
671 3391 744 3433 enm
768 3373 924 3453 tyrannos
952 3369 1201 3455 tyrannidesque
1224 3370 1409 3455 gravissime

218 3477 393 3562 increpare.
417 3479 495 3553 Ion,
518 3475 657 3540 Theseus
677 3475 812 3561 copiosis
832 3475 1030 3541 orationibus
1048 3497 1100 3540 eas
1119 3475 1305 3560 improbant
1324 3474 1408 3560 (Ion.

219 3583 419 3660 orl-632,
449 3580 560 3667 Suppl.
593 3580 844 3668 427-455)1);
875 3581 961 3647 solus
990 3581 1137 3647 Eteocles
1166 3581 1214 3647 vir
1236 3581 1408 3667 injustissi-

219 3711 289 3754 mus
311 3693 344 3754 et
367 3688 589 3775 cupidissimus
612 3688 717 3753 dicere
741 3688 839 3752 audet
861 3709 919 3773 pro
943 3688 1113 3773 tyrannide
1139 3687 1188 3754 vel
1212 3690 1408 3773 peccandum

217 3815 291 3860 esse.
330 3794 380 3860 Ad
410 3795 495 3860 idem
528 3793 708 3879 tyrannidis
739 3794 848 3859 odium
879 3793 1020 3879 pertinet
1048 3796 1133 3880 qnod
1163 3793 1225 3879 ipsi
1248 3792 1296 3858 illi
1318 3813 1409 3878 reges

217 3900 312 3985 prisci
344 3901 461 3966 civium
493 3921 622 3965 suorum
655 3899 814 3964 voluntati
845 3899 982 3985 subjecti
1005 3904 1100 3980 sunt,
1126 3921 1252 3986 unaque
1274 3920 1347 3966 cum
1370 3899 1410 3968 iis

218 4007 256 4071 de
283 4007 431 4072 omnibus
455 4006 549 4071 rebus
572 4003 754 4072 consulunt.

262 4109 324 4178 Sed
356 4134 423 4178 non
456 4112 561 4177 minus
590 4111 706 4176 diserte
736 4111 861 4197 plebem
884 4111 1028 4178 invidam
1051 4111 1120 4177 odit
1142 4111 1273 4197 eiusque
1296 4113 1410 4198 poten·

252 4397 280 4464 1)
297 4397 334 4450 Oi.
349 4400 473 4465 praeterea
489 4397 557 4448 usu.
573 4397 630 4455 11⁹,
646 4396 736 4452 Poliad
756 4396 785 4448 ir.
800 4396 858 4457 ⁶08,
872 4396 994 4448 Alcmena.
1011 4397 1040 4448 rr.
1056 4395 1097 4458 77,
1114 4395 1220 4448 eburna.
1235 4396 1266 4448 ir.
1279 4396 1411 4462 annuus.

217 4479 247 4531 tr.
266 4479 323 4542 178,
339 4481 402 4546 Aug.
418 4481 451 4532 lr.
468 4478 528 4533 dii·
543 4479 633 4530 &utra
649 4483 707 4546 deq.
725 4479 757 4530 ir.
775 4480 807 4532 δι

452 4559 455 4566 ’
519 4558 603 4624 ἀνδρὸς
621 4558 663 4610 ὕπ’
679 4557 768 4612 sdan
785 4560 829 4611 rai
845 4561 1013 4624 romaniolae
1030 4563 1113 4612 urea
