3408 5360
866 464 907 528 12

330 644 379 709 De
409 644 704 710 Andromacha
733 646 875 710 diversae
906 650 982 710 sunt
1014 647 1224 731 conjecturae.
1256 647 1315 711 Fix
1339 652 1371 713 et
1396 648 1479 714 Her-

218 751 220 762 '
285 773 422 814 mannus
445 751 487 815 ob
511 750 671 829 convicia,
694 751 864 835 Spartiatis
883 751 985 832 facta,
1010 753 1125 836 quibus
1146 756 1221 818 ante
1235 755 1481 821 omniafallacia

105 873 155 921 aaa
164 871 201 920 vel
210 871 258 921 421
285 857 444 942 objicitur,
481 857 542 921 hoc
575 860 686 921 drama
722 856 772 922 Ol.
809 859 886 935 89‚2
922 859 971 923 vel
997 861 1017 924 3
1043 859 1225 937 ascribunt,
1250 882 1313 944 quo
1338 865 1482 946 tempore

286 962 412 1027 violatis
431 962 567 1027 induciis
587 963 680 1028 urbes
700 962 853 1028 Thraciae
874 965 998 1029 tradere
1019 964 1183 1032 nolebant.
1207 964 1393 1032 Dindorfius
1405 990 1479 1034 vero

285 1073 412 1154 sumpto
443 1072 633 1152 argumento
666 1092 682 1134 e
707 1091 814 1134 severo
839 1073 940 1134 metro
964 1071 1161 1135 canticorum
1185 1073 1295 1156 primis
1318 1073 1394 1138 belli
1417 1074 1478 1138 Pe·

105 1182 259 1236 oasvelsat
284 1175 501 1260 loponnesiaoi
525 1176 618 1239 annis
642 1176 786 1253 ascribit,
817 1174 866 1240 Ol.
892 1176 970 1242 874
993 1177 1044 1242 vel
1067 1176 1116 1244 Ol.
1143 1179 1238 1256 88‚l‚
1264 1179 1314 1244 oui
1335 1181 1480 1264 opinioni

285 1284 375 1347 vetus
411 1302 537 1365 quoque
572 1281 717 1346 scholion
752 1281 858 1346 favere
895 1282 1019 1346 videtur
1033 1283 1068 1368 ¹).
1093 1283 1208 1348 Adhuc
1233 1285 1292 1348 sub
1312 1285 1418 1368 judice
1441 1286 1480 1350 lis

285 1389 350 1465 est,·
386 1408 458 1451 eum
495 1408 554 1472 ego
589 1409 663 1452 vero
699 1387 831 1452 minime
862 1388 979 1472 judicis
1013 1392 1119 1473 partes
1154 1390 1312 1475 suscipere
1346 1393 1479 1455 audeam

288 1503 448 1579 praestare
472 1495 598 1558 videtur
623 1493 883 1558 Andromacham
906 1480 973 1559 nou
996 1495 1184 1560 arctioribus
1204 1496 1323 1560 finibus
1344 1497 1480 1562 circum·

105 1622 155 1670 430
173 1624 197 1670 et
215 1623 265 1670 420
287 1600 423 1665 scribere
446 1621 543 1684 quam
567 1598 615 1663 Ol.
631 1600 707 1676 87,2
721 1600 853 1677 erasa.
1222 1669 1226 1676 ⁴

219 1719 269 1768 420
332 1706 555 1792 Supplices
579 1707 723 1770 omnium
743 1707 933 1791 conjecturis
952 1707 1154 1772 ascribuntur
1166 1708 1217 1773 Ol.
1232 1709 1309 1785 89,4
1321 1730 1385 1792 quo
1398 1712 1480 1772 tem-

285 1834 362 1897 pore
386 1813 496 1877 foedus
520 1835 591 1877 cum
617 1813 746 1897 Argivis
769 1815 919 1878 adversus
939 1813 1109 1891 Thebanos
1127 1815 1226 1879 ictum
1239 1817 1307 1880 erat
1318 1819 1375 1880 aut
1387 1837 1480 1900 para·

286 1919 382 1983 batur
395 1917 434 2006 ²).

295 2103 475 2112 ———-·-—--

286 2221 389 2271 similem
407 2222 601 2288 disceptationem
619 2237 662 2271 suo
679 2225 787 2288 tempore
804 2220 909 2272 habitam
927 2227 969 2272 aut
986 2239 1024 2272 res
1038 2225 1114 2287 gestas
1130 2223 1259 2288 respicere,
1274 2223 1479 2288 praesertimcum

286 2306 315 2354 de
340 2306 441 2355 duorum
468 2306 615 2355 exercituum
640 2306 732 2371 proelio
758 2321 836 2356 sermo
861 2306 906 2364 sit,
931 2306 1048 2356 Hercules
1072 2321 1127 2355 vero
1151 2320 1245 2370 semper
1268 2306 1332 2355 solus
1354 2310 1479 2370 pugnaret.

287 2388 426 2452 Numquam
449 2389 525 2453 mapa
545 2387 667 2454 perspicue
689 2389 765 2437 eluxit
781 2389 960 2453 sagittariorum
979 2389 1072 2439 utilitas
1089 2404 1160 2453 qnam
1179 2389 1203 2437 iu
1222 2389 1312 2438 insulae
1329 2389 1481 2454 Sphacteriae

284 2470 473 2535 expugnatione.
499 2486 571 2535 quarn
594 2472 656 2536 apud
678 2470 751 2520 Thac.
778 2469 827 2536 (IV
843 2488 861 2520 c.
880 2472 988 2531 32-38)
1005 2471 1136 2537 expositam
1154 2471 1262 2534 legimus.
1290 2472 1380 2520 Narrat
1397 2476 1481 2520 auctor

288 2551 489 2617 locupletissimus
514 2554 594 2616 (33‚2)
621 2553 725 2618 hoplitae
749 2553 947 2602 Lacedaemonios
972 2553 1092 2618 imprimis
1114 2550 1142 2600 ab
1167 2553 1347 2602 Atheniensium
1369 2553 1481 2602 velitibus

287 2634 390 2684 telorum
409 2635 564 2684 multitudine
581 2639 677 2684 vexatos
694 2637 723 2684 ad
741 2635 824 2684 salutis
840 2635 945 2700 inopiam
962 2635 1069 2683 redactos
1088 2649 1144 2682 esse.

322 2719 378 2766 dam
408 2733 522 2782 compone
550 2718 612 2781 apud
641 2717 714 2766 'l'huc
738 2719 788 2776 (33,
811 2718 849 2781 2):
872 2717 1013 2782 (Spartiati)
1041 2718 1095 2774 τοῖς
1121 2715 1165 2776 μὲν
1191 2715 1310 2774 ὁπλίταις
1336 2717 1479 2781 (Athenien-

287 2800 349 2849 sium
372 2801 415 2865 sc.)
434 2797 479 2848 ota
495 2795 641 2855 ἐδυνήθησαν
664 2800 799 2862 προσμῖξαι
810 2836 880 2848 .....
905 2802 928 2846 el
949 2801 998 2861 γδιρ
1022 2798 1094 2858 ψιλοὶ
1111 2796 1256 2859 ἑκατέρωθεν
1275 2797 1415 2860 βάλλοντες
1433 2796 1480 2861 εἶρ-

287 2899 344 2944 γον,
363 2881 405 2933 καὶ
424 2881 479 2942 ἅμα
497 2877 582 2930 ἐκεῖνοι
601 2879 645 2930 oin
664 2880 808 2944 εἰντεπῇοαν
825 2879 886 2928 ἀλλ’
904 2879 1051 2945 ἡσύχαζον,
1068 2897 1122 2930 cum
1141 2882 1211 2932 Herc.
1230 2881 1246 2930 f.
1265 2897 1299 2930 vs.
1315 2882 1363 2930 196
1379 2881 1479 2942 μυρίους

287 2963 388 3022 οἰστοὺς
414 2963 500 3026 ἀφεὶς,
524 2961 613 3021 ἄλλοις
636 2963 666 3011 τὸ
685 2967 760 3024 σῶμα
778 2960 862 3025 ῥύεται
880 2962 914 3023 μὴ
931 2961 1072 3021 κατθανεῖν,
1092 2961 1150 3021 ἑκὰς
1168 2961 1190 3011 δ’
1208 2963 1327 3025 ἀφεστὼς
1344 2963 1480 3024 πολεμίους

287 3043 418 3106 ἀμύνεται.
445 3047 517 3095 'l'huc
543 3045 615 3095 ibid:
640 3046 666 3094 οἱ
687 3042 878 3106 Λακεδαιμόνιοι
901 3043 945 3094 οὐκ
971 3042 1088 3095 ἐδύναντο
1106 3043 1199 3095 διώκειν
1219 3045 1286 3095 ὅπλα
1302 3044 1409 3108 ’ἔχοντες
1426 3063 1480 3096 cum

287 3145 321 3178 vs.
348 3129 396 3178 190
420 3128 478 3190 ἀνὴρ
505 3128 612 3186 ὁπλίτης
637 3126 725 3186 δοῦλός
749 3125 805 3176 ἐστι
829 3132 879 3176 τῶν
902 3127 990 3178 ὅπλων.
1019 3130 1146 3178 Praeterea
1163 3130 1236 3178 'Phua
1256 3133 1296 3188 34,
1314 3131 1329 3179 2
1347 3128 1436 3190 ἄπορόν
1451 3146 1501 3186 τε

288 3207 314 3266 ἦν
340 3207 399 3258 ἰδεῖν
417 3211 447 3258 τὸ
465 3211 510 3271 πρδ
528 3209 607 3258 αὐτοῦ
625 3208 673 3258 ὑπὸ
692 3213 741 3258 τῶν
759 3209 921 3273 τοξευμάτων
939 3210 983 3258 καῖ
999 3210 1134 3260 alteratae
1151 3215 1251 3260 πολλῶν
1268 3209 1394 3273 ἀνθρώπων
1412 3213 1480 3273 μετδι

288 3295 334 3341 τοῦ
352 3295 475 3354 κονιορτοῦ
493 3292 548 3353 ἅμα
564 3290 701 3355 φερομένων
717 3296 742 3342 et
760 3309 792 3341 vs.
809 3293 857 3342 198
876 3293 1011 3353 πολεμίους
1026 3291 1149 3354 ἀμύνεται
1166 3295 1273 3356 τυφλοῖς
1287 3293 1394 3354 δρῶντας
1403 3291 1480 3342 οὖτά·

288 3391 335 3432 σας
353 3371 492 3440 τοξεύματι
512 3375 615 3424 similam
632 3376 682 3424 iere
700 3375 860 3424 confasionem
879 3374 992 3424 indicant.

321 3459 388 3506 Haec
405 3460 529 3522 tantopere
546 3458 698 3507 consentiunt
716 3461 742 3507 ut
756 3473 803 3506 non
819 3457 900 3522 inepte
916 3457 992 3522 possit
1007 3457 1088 3521 colligi
1102 3459 1313 3522 poetamaostrum
1323 3459 1480 3508 adcommea·

289 3541 393 3590 dandum
409 3540 590 3604 sagittariorum
607 3556 676 3590 usum
693 3544 787 3590 motum
804 3539 947 3604 esseproelii
961 3539 1150 3604 Sphacteriensis
1165 3538 1481 3604 expositionibusatestibus

287 3623 425 3688 nuperrima
441 3623 528 3672 allatis.
545 3625 689 3688 sequeretur
706 3626 733 3672 ut
750 3623 794 3672 hoc
811 3623 893 3671 drama
910 3622 981 3686 paulo
998 3625 1051 3686 poet
1067 3622 1106 3671 Ol.
1123 3623 1182 3682 88,3
1196 3623 1229 3671 sit
1246 3626 1339 3683 actum,
1354 3639 1400 3687 quo
1417 3626 1481 3672 tern-

221 3709 271 3758 425
289 3722 347 3771 pore
364 3705 525 3756 recentissima
543 3709 594 3754 erat
610 3706 724 3755 victoriae
742 3707 878 3771 reportatae
895 3704 1023 3763 memoria,
1042 3704 1123 3768 itaque
1139 3704 1210 3754 huius
1231 3704 1372 3768 significatio
1395 3703 1480 3769 gratis·

286 3788 346 3837 sima
363 3787 534 3853 spectatoribus
551 3803 600 3836 esse
617 3788 706 3839 debuit.

257 3905 262 3916 .
321 3872 382 3920 Cum
407 3885 460 3920 maa
483 3869 618 3933 conjectura
641 3874 721 3920 tamea
744 3871 830 3920 leviter
847 3870 965 3936 discrepat
987 3869 1122 3918 Hermanni
1139 3868 1177 3916 lex
1193 3870 1292 3919 metrica
1310 3886 1357 3935 qua
1374 3869 1481 3920 adhibita

289 3953 361 4002 Herc.
379 3954 395 4002 f.
415 3954 444 4002 ad
461 3953 579 4017 posterius
595 3955 690 4018 tempus
706 3954 852 4002 revocandus
869 3953 972 4001 videtur.
990 3952 1061 4000 Hanc
1078 3967 1129 4000 rem
1147 3951 1275 4000 decernant
1292 3952 1339 4001 viri
1359 3952 1430 4002 docti.

322 4035 347 4093 1)
364 4035 400 4082 Ad
426 4050 460 4082 vs.
486 4036 547 4084 445:
572 4032 701 4096 φαίνεσθαι
724 4031 901 4098 γεγραμμένην
921 4029 945 4082 ἓν
964 4033 1031 4098 ἀρχῇ
1049 4034 1095 4081 τοῦ
1113 4036 1344 4089 Πελοποννησιακοῦ
1361 4031 1481 4095 πολέμου.

288 4116 402 4166 Ceterum
430 4117 551 4165 Diudortio
577 4116 694 4182 astipulor
720 4131 780 4165 sana
802 4117 898 4181 putanti
921 4120 1060 4181 argumenta
1083 4115 1290 4180 aspertiatarum
1307 4116 1483 4180 vituperatione

289 4200 380 4265 petita:
394 4200 499 4265 primum
515 4199 623 4248 fallaciae
641 4199 732 4249 crimen
749 4197 922 4265 provocabatur
940 4199 1044 4248 Menelai
1062 4198 1129 4256 dolo,
1148 4196 1287 4261 fabulaeque
1304 4197 1349 4263 ipsi
1366 4202 1483 4264 aptumet

290 4282 493 4331 accommodatum
518 4291 565 4341 est;
589 4285 642 4332 tum
661 4282 713 4345 jam
730 4282 808 4330 multo
826 4284 881 4331 aute
898 4282 979 4331 foedus
995 4281 1055 4331 illud
1072 4280 1188 4330 violatum
1207 4281 1403 4329 Lacedaemonios
1419 4283 1483 4347 apud

291 4363 574 4414 Atheniensesfallaeiee
587 4364 762 4414 existimatione
779 4364 857 4413 teneri
874 4364 941 4413 testis
958 4367 993 4414 est
1011 4365 1102 4413 Herod.
1121 4363 1157 4410 lx
1177 4363 1221 4410 bt:
1239 4362 1265 4409 ot
1280 4360 1401 4418 Ἀθηναῖοι
1411 4399 1481 4412 .....

290 4442 454 4506 ἐπιστάμενοι
472 4446 506 4494 τοι
525 4444 725 4507 Λακεδαιμονίων
743 4443 890 4508 φρονήματα
906 4443 938 4504 ὥς
955 4443 1024 4494 ἄλλα
1041 4445 1187 4507 φρονεόντων
1206 4441 1248 4492 sal
1262 4441 1332 4492 tiata
1350 4445 1482 4508 λεγόντοιν.

323 4530 351 4593 9)
370 4528 448 4577 Pallas
474 4529 567 4577 Athene
592 4531 616 4578 iu
634 4531 680 4577 tine
698 4528 813 4576 dramatis
831 4528 946 4577 Theseum
962 4527 1030 4590 jabet
1047 4528 1176 4576 Adrastum
1191 4525 1348 4589 jurejarando
1365 4527 1484 4576 constrin-

290 4628 345 4684 gere
372 4627 401 4660 ne
428 4625 540 4680 umquam
568 4610 652 4678 Argivi
673 4610 857 4659 Atheniensium
880 4609 966 4660 tinibus
988 4608 1076 4657 bellum
1098 4608 1202 4660 inferant
1225 4611 1266 4658 aut
1289 4607 1348 4658 alios
1365 4609 1389 4658 id
1407 4609 1484 4658 facere
