3408 5360
785 464 828 528 53

210 647 292 734 6ο)ι
324 645 358 722 ἐξ
388 643 426 712 ὧν
451 649 467 722 ἡ
491 646 611 724 γένεσίς
647 647 712 711 ε’σσι
736 654 799 718 τοῖς
824 641 906 720 οὖσι,
932 646 984 711 καί
1009 645 1063 720 σδρν
1086 646 1201 728 olores
1223 647 1266 718 είς
1291 651 1398 711 ταῦτα

206 753 346 832 νενίσόαι
371 753 458 818 κατὰ
481 753 528 817 τό·
540 751 656 835 χρεοίν·
680 751 790 818 διδόναι
814 755 876 832 γὰρ
902 755 986 819 αὐτοὶ
1010 755 1089 819 τίσιν
1114 755 1166 818 καί
1191 755 1275 828 δίκην
1294 753 1397 828 desl-

205 875 268 932 λοις
299 869 354 934 τῆς
390 860 512 930 ιίδικίας
544 859 630 924 sard
661 863 716 934 τὴν
748 864 801 924 τοῦ
825 859 932 941 χρόνον
957 858 1058 936 σοίξιν.
1081 859 1170 925 Idem
1193 860 1279 924 haud
1302 859 1399 925 dubie

204 966 343 1032 animem
367 967 484 1031 sirium
508 988 575 1031 esse
598 967 730 1032 censuit.
759 965 877 1031 Scribit
900 967 986 1031 enim
1010 967 1228 1032 Theodoroius
1251 965 1320 1046 (Gr.
1344 965 1396 1032 aff.

203 1095 270 1140 cur.
302 1073 350 1152 V,
380 1074 433 1151 18,
466 1096 498 1157 p.
524 1074 597 1158 72):
628 1072 831 1150 Ἀναξιμένης
854 1073 907 1137 καί
931 1072 1263 1154 Ἀναξίμανδρος....
1285 1073 1398 1150 οίερείδνρ

202 1191 258 1255 τῆς
282 1187 389 1260 ψυχῆς
415 1182 469 1254 σίρν
493 1181 588 1262 φύσιν
612 1182 766 1258 εἰρήκασιν
781 1181 824 1265 ¹),
849 1202 930 1264 quoe
952 1183 1017 1244 duo
1039 1180 1159 1265 placitu
1180 1181 1208 1246 si
1227 1179 1398 1266 conjungi·

204 1309 286 1370 mus,
299 1286 522 1371 consequimur
532 1286 611 1351 hoe:
624 1286 758 1351 inlerilu
770 1285 943 1370 particulos
955 1290 1097 1350 terrenas
1108 1287 1143 1350 iu
1157 1290 1273 1350 lorsam
1287 1285 1398 1362 redire,

203 1393 305 1459 aerias
333 1394 368 1457 in
392 1398 482 1470 edre,
509 1429 548 1441 —-
575 1394 693 1476 dogma
715 1392 888 1477 Euripideo
911 1393 960 1456 illi
983 1392 1190 1457 simillimum.
1227 1392 1274 1457 At
1295 1392 1399 1456 incer·

204 1503 275 1563 lum
298 1503 347 1564 est
368 1521 411 1563 en
434 1521 543 1563 revere
563 1521 600 1564 eu
620 1499 739 1583 placitu
759 1500 952 1584 conjungere
972 1498 1084 1581 liceut3
1106 1497 1316 1583 philosophus
1327 1518 1400 1563 oum

205 1607 244 1670 de
275 1628 380 1670 rerum
410 1605 544 1669 interitu
571 1604 629 1669 illa
659 1605 827 1683 scriberet,
860 1605 994 1670 fortasse
1025 1607 1058 1669 ei
1080 1608 1119 1670 de
1141 1604 1276 1669 materia
1298 1601 1401 1668 solide

203 1717 333 1776 tontum
357 1712 513 1795 cogitavit
536 1715 569 1776 et
595 1712 634 1775 de
659 1712 758 1776 lolius
782 1711 869 1776 orbis
892 1715 1049 1777 concrum
1072 1710 1215 1776 interitu.

250 1819 457 1904 Empedocles
491 1840 619 1904 quoque
651 1818 759 1883 docuil
791 1821 897 1883 orium
932 1822 965 1884 el
995 1819 1162 1884 interitum
1185 1816 1312 1903 proprie
1335 1837 1401 1882 esso

205 1924 434 2010 particularum
467 1924 702 1989 concretionem
734 1927 768 1988 et
796 1925 1053 2008 dissolutionem,
1085 1946 1195 1990 verum
1219 1922 1401 2009 quomodo

205 2053 347 2117 quaeque
371 2031 453 2095 lieni
476 2052 543 2095 nou
567 2031 748 2116 explicavit.

249 2137 370 2202 Eodem
393 2138 459 2202 fere
483 2159 577 2202 sensu
599 2141 806 2222 Anaxagoras
830 2159 956 2223 quoque
980 2138 1106 2204 locutus
1127 2141 1193 2216 esd,
1213 2137 1304 2203 cuius
1323 2136 1402 2202 haec

206 2247 330 2310 servale
361 2247 438 2309 sunt
467 2249 530 2328 (up.
555 2243 666 2329 simpl.
691 2245 732 2308 sd
756 2245 852 2330 Phys.
876 2245 1013 2310 Aristol.
1037 2268 1069 2329 p.
1096 2246 1200 2323 2410:
1225 2249 1261 2309 τὸ
1285 2243 1317 2309 δὲ
1342 2267 1400 2322 ρε-

207 2353 308 2419 νίσίοιι
328 2353 380 2418 καί
402 2352 599 2417 excesseras
620 2354 673 2416 οὐκ
693 2352 780 2430 όρίῶρ
803 2351 972 2433 νομίζουσιν
992 2353 1018 2417 οί
1036 2349 1198 2427 Ἕλληνες.
1223 2351 1319 2416 Οὐδὲν
1338 2349 1401 2428 γὰρ

205 2467 315 2542 χρῆμα
346 2460 469 2537 γίνεται
495 2457 561 2523 οὐδὲ
583 2457 783 2540 ἀπόλλυται,
809 2460 886 2522 ἀλλ’
910 2456 969 2522 ἄνι’
995 2457 1101 2522 ἐόντων
1125 2456 1297 2537 χρημάτων
1320 2479 1400 2532 σομ-

207 2568 360 2645 μίσγεσαί
392 2589 428 2628 σε
462 2564 515 2628 καί
547 2565 732 2644 διακρίνεται
765 2564 817 2629 καί
848 2563 941 2636 οὕτως
974 2563 1013 2629 ίιν
1044 2564 1130 2643 όρόῶι
1160 2571 1282 2628 καλοῖεν
1306 2562 1399 2627 τότε

207 2674 345 2752 γίνεσθαι
379 2671 612 2749 σομμίσγεσίαι
645 2671 698 2735 καί
725 2669 761 2734 τὸ
785 2669 981 2735 οίιιίλιιιισίοιι
1006 2669 1218 2749 διακρίνεσίαι.
1250 2669 1291 2734 In
1314 2667 1401 2733 Plec.

207 2777 288 2844 Phil.
310 2777 338 2856 I,
359 2779 421 2843 30:
441 2775 658 2855 Ἀναξαγόραι
680 2777 787 2854 ὁμοίως
809 2779 863 2852 risu
885 2777 980 2855 Φύσιν
1001 2777 1157 2855 σύγκρισιν
1171 2774 1223 2840 καί
1236 2774 1401 2856 διοίκρισιν,

207 2889 290 2950 τοῦτ’
310 2886 374 2949 ἐστι
395 2883 515 2961 γένεσιν
537 2884 589 2948 καί
603 2884 728 2966 φίοριίν,
744 2921 781 2932 -
798 2905 881 2968 quoe
893 2882 1110 2968 compluribus
1120 2883 1199 2948 locis
1210 2882 1402 2948 confirman-

207 2995 258 3056 tur
270 2989 308 3076 ³).
327 2990 417 3056 Haec
436 2990 563 3074 quidem
583 2991 704 3074 oplime
723 2990 928 3055 consensioni
947 3011 1019 3055 cum
1031 2988 1211 3073 Euripideis
1222 2989 1272 3053 his
1284 2989 1401 3064 ίννὶσκει

206 3098 232 3162 δ’
251 3099 333 3164 οὐδὲν
358 3105 418 3162 τῶν
441 3098 647 3174 γιγνομένων,
673 3097 894 3175 διακρινόμενον
917 3096 943 3161 δ’
969 3093 1051 3161 ἄλλο
1070 3098 1142 3175 ιιρδς
1163 3097 1263 3162 ἄλλον
1282 3099 1402 3177 μορΦίρν

206 3204 308 3283 ἐιίραν
332 3201 504 3279 ἐπέδειξεν,
531 3204 586 3268 sed
609 3204 731 3268 nullom
754 3202 936 3268 invenimus
960 3204 1044 3288 opud
1068 3201 1306 3268 Clazomenium
1328 3225 1402 3268 sen·

206 3311 337 3376 lentim
373 3331 455 3396 quae
486 3309 616 3394 reliquis
648 3310 760 3376 similis
791 3309 852 3388 sit,
876 3309 984 3375 omnio
1008 3331 1051 3376 sc.
1075 3308 1111 3373 in
1134 3331 1172 3373 ee
1194 3308 1296 3374 redire
1318 3312 1403 3375 uude

205 3421 276 3482 orie
299 3418 365 3482 sini
378 3419 411 3495 ³).
934 3479 936 3484 .

251 3522 426 3588 Incidimus
456 3525 562 3588 aulem
593 3521 628 3585 in
660 3523 877 3607 quaestionem
906 3525 947 3587 ed
982 3543 1077 3608 quem
1101 3543 1168 3587 rem
1191 3521 1253 3587 hoc
1276 3522 1402 3607 proprie

207 3629 381 3715 pertineas:
406 3629 448 3693 τόι
471 3630 498 3694 δ’
511 3630 568 3692 ἀπ’
592 3629 719 3708 αίίερίοο
742 3627 929 3707 βλαστόνσα
950 3638 1060 3708 your,
1080 3629 1168 3714 quod
1186 3629 1221 3693 iu
1240 3627 1402 3714 Euripidis

240 3867 268 3932 l)
286 3867 363 3916 Zeller
386 3868 398 3916 1
419 3884 457 3932 pg.
476 3869 539 3918 elo:
560 3869 620 3918 ,ὓίο
637 3869 703 3919 Seele
720 3869 766 3919 soll
784 3886 811 3919 es
828 3871 869 3920 isis
886 3868 999 3934 luiisrtig
1015 3867 1126 3934 geleiten
1142 3867 1219 3918 helsen
1237 3869 1286 3918 und
1300 3868 1344 3918 sn'r
1360 3867 1402 3919 hs·

205 3948 248 4000 ίιειι
265 3950 350 4000 ksinen
368 3952 452 4000 Grond
469 3951 531 4001 diess
550 3952 780 4003 uuwshrschcinlich
798 3969 826 4003 su
843 3951 947 4003 finden.”
965 3953 1032 4002 Idem
1051 3951 1154 4000 Brsodis
1172 3953 1184 4001 1
1202 3967 1241 4016 pg.
1260 3952 1316 4002 180.

238 4033 266 4098 2)
284 4033 367 4099 Simpl.
382 4033 408 4082 iu
422 4035 523 4084 Aristot.
539 4036 605 4100 phys.
620 4049 660 4101 pg.
677 4035 723 4090 db,
737 4035 838 4085 sessos.
854 4036 882 4082 de
893 4036 958 4084 coelo
967 4051 1005 4100 pg.
1015 4035 1080 4093 soa,
1090 4034 1156 4084 Piso.
1165 4035 1225 4101 phil.
1235 4035 1256 4092 1,
1267 4035 1289 4085 8.
1307 4036 1351 4094 w,
1362 4036 1402 4086 29.

238 4117 266 4180 8)
283 4113 360 4164 Zsllsr
385 4116 409 4178 (l
435 4132 473 4181 pg.
497 4115 545 4168 oo?
569 4120 650 4166 suuot.
670 4118 695 4176 l>
713 4117 790 4166 teleto
808 4117 902 4166 Ῑηιοκοί
919 4118 1070 4176 testimonio,
1089 4133 1136 4183 quc
1154 4120 1308 4180 Ausxsgorss
1325 4119 1404 4168 lemur

206 4197 311 4248 docuisse
328 4197 441 4248 soimslis
459 4199 521 4248 iscis
538 4215 587 4248 esse
605 4199 766 4248 decidentibus
780 4215 792 4248 e
806 4199 872 4248 coelo
885 4199 912 4248 in
925 4202 1015 4250 terrem
1030 4200 1170 4258 seminibus,
1185 4197 1296 4261 subjicies
1308 4200 1403 4250 ‚Dsher

207 4279 289 4346 lurip.
312 4281 437 4347 Chrysipp.
454 4281 483 4330 fr.
502 4283 517 4331 d
532 4279 586 4346 (l)=
602 4282 640 4331 die
654 4281 721 4331 Seele
736 4285 836 4331 slsmme
851 4297 893 4331 sus
907 4283 1079 4332 setherischem
1093 4285 1178 4332 &mou
1191 4282 1240 4332 und
1254 4281 1328 4332 kehrs
1342 4283 1402 4332 useh

207 4363 260 4414 dem
278 4364 328 4414 'l'od
344 4365 369 4414 in
387 4365 433 4414 ders
450 4363 540 4414 Aether
558 4365 661 4424 suriel,
679 4365 723 4414 sris
736 4364 778 4414 der
794 4364 851 4414 Issib
865 4365 890 4416 in
905 4365 943 4415 dic
958 4366 1019 4416 Erde
1036 4382 1079 4417 sus
1095 4367 1138 4414 der
1151 4381 1178 4414 er
1193 4364 1317 4416 stsmms”.
1337 4366 1403 4416 lisso

206 4445 339 4506 muciusio,
360 4463 421 4512 quse
444 4447 491 4496 niti
510 4447 605 4497 ridetur
622 4447 786 4498 obseratione
803 4463 841 4514 pp.
861 4449 893 4498 48
909 4448 935 4498 iu
953 4452 1033 4498 sonci.
1050 4448 1136 4507 eilsls,
1154 4448 1237 4514 procul
1255 4448 1327 4500 dubio
1344 4449 1404 4498 lslss

207 4533 251 4578 sss.
276 4529 322 4579 Res
348 4530 413 4596 ipss,
431 4529 576 4590 mejudies,
594 4531 709 4580 dosside
734 4530 922 4596 corporibus
949 4531 1088 4582 snimslium
1103 4530 1147 4580 ills
1163 4531 1227 4582 diets
1245 4547 1294 4582 ssss
1310 4547 1358 4582 non
1374 4531 1404 4580 de

211 4625 332 4661 sssmss.
