3408 5360
895 448 937 512 56

319 633 392 698 liter
427 639 554 714 secutus
588 634 638 696 sit.
676 631 860 696 Sententiae
895 631 998 707 enim,
1034 653 1115 715 quae
1153 631 1247 696 nobis
1287 630 1369 694 hanc
1401 628 1507 712 dispu-

321 740 411 804 tandi
437 739 560 824 copiam
585 727 757 820 dederunt,
779 758 845 801 non
866 742 932 802 tam
945 737 1077 803 subtiles
1090 740 1166 802 sunt
1177 740 1211 802 et
1221 738 1383 801 abstrusae
1395 739 1433 800 ut
1444 755 1508 798 non

321 847 427 930 aliqua
449 866 487 908 ex
511 847 602 928 parte
625 843 693 927 ipse
718 843 902 907 meditando
925 844 1104 927 excogitare
1128 843 1275 927 potuerit.
1304 840 1408 916 Quare
1432 839 1508 904 mihi

319 974 386 1017 non
411 952 519 1016 videor
542 953 660 1014 temere
685 950 888 1020 concludere,
911 952 1110 1014 contendens
1132 953 1279 1013 nostrum
1298 945 1508 1031 ecognitione

320 1061 507 1142 dogmatum
528 1056 741 1141 praeceptoris
762 1056 959 1140 aliorumque
971 1052 1508 1141 philosophorum,crecordatione
1616 1047 1619 1051 ’

321 1162 572 1228 Anaximandrei
595 1161 723 1246 placiti,
750 1183 767 1226 e
790 1162 920 1246 propria
943 1183 1069 1246 quoque
1089 1164 1222 1226 naturae
1243 1159 1508 1244 contemplatione

319 1273 351 1335 et
375 1268 644 1335 commentatione
664 1267 805 1332 hausisse
826 1272 858 1332 et
877 1267 1040 1352 collegisse
1058 1267 1148 1332 illam
1168 1267 1285 1352 legem:
1299 1265 1406 1330 omnia
1418 1265 1458 1328 ad
1474 1285 1509 1328 ea

319 1377 421 1441 redire
432 1376 516 1440 unde
529 1378 598 1439 orta
611 1375 686 1452 sint,
701 1396 813 1459 corpus
824 1375 860 1439 in
872 1379 1000 1453 terram,
1008 1375 1170 1440 aethereas
1179 1378 1285 1457 partes
1293 1373 1327 1437 in
1337 1372 1466 1437 aethera
1476 1371 1508 1456 ¹).

364 1588 508 1653 Tandem
541 1591 627 1673 quod
659 1610 709 1652 me
737 1589 824 1672 justo
858 1587 978 1651 diutius
1001 1587 1140 1651 detinuit
1171 1586 1210 1651 fr.
1235 1587 1301 1651 836
1337 1584 1448 1648 relicto
1471 1585 1510 1646 ad

320 1694 382 1759 alia
406 1697 581 1759 convertar.
620 1691 777 1769 Quoniam
802 1695 840 1758 de
863 1696 948 1757 terra
969 1692 1068 1756 locuti
1093 1713 1201 1757 sumus
1224 1691 1333 1756 statim
1356 1689 1509 1775 quaedam

320 1800 519 1885 subjicienda
543 1801 692 1864 videntur
715 1802 755 1864 ad
778 1798 816 1862 fr.
844 1801 930 1865 938:

547 1907 599 1971 real
622 1916 704 1985 γαῖα
729 1913 847 1986 μῆτερ·
872 1906 1000 1971 Ἑστόαν
1024 1903 1057 1970 δέ
1081 1911 1109 1970 σ’
1133 1907 1159 1971 oi
1183 1904 1271 1985 σοφοὶ

544 2013 661 2094 βροτῶν
686 2017 830 2078 καλοῦσιν
856 2012 969 2088 ipisus
993 2013 1023 2076 όν
1047 2010 1158 2092 αἰόέρι,

319 2143 401 2206 quae
425 2119 607 2185 Macrobius
632 2119 711 2205 (Sat.
737 2120 763 2198 Ι,
789 2120 843 2197 23,
864 2120 899 2204 8)
919 2119 1051 2184 adhibet
1071 2119 1111 2183 ad
1125 2117 1316 2182 illustranda
1327 2117 1423 2181 verba
1436 2115 1510 2180 Pla-

319 2227 406 2293 tonis
429 2225 464 2291 in
492 2225 638 2291 Phaedro
662 2227 729 2311 (pg.
760 2226 824 2290 274
837 2227 888 2310 a):
908 2224 990 2301 μένει
1012 2225 1043 2290 δὲ
1064 2225 1176 2290 Ἐστόα
1196 2224 1226 2287 ἕν
1247 2225 1316 2288 θεῶν
1333 2220 1401 2302 τόκῳ
1413 2221 1518 2300 peirn„

320 2332 417 2418 »quia
448 2331 526 2397 haec
556 2332 625 2396 sola
659 2354 776 2416 quam
810 2335 966 2397 terram
1001 2353 1092 2396 esse
1126 2330 1367 2415 accepimus
1402 2331 1511 2393 manet

319 2438 492 2503 immobilia
523 2438 611 2502 intra
640 2439 770 2503 domum
802 2438 952 2515 deorum,
974 2437 1006 2500 id
1029 2439 1079 2502 est
1101 2436 1187 2501 intra
1210 2435 1383 2512 mundum,
1408 2437 1444 2498 ut
1466 2433 1512 2498 ait

353 2679 381 2755 1‘)
401 2691 571 2739 Verumtamen
588 2687 695 2737 animum
713 2688 821 2737 attendas
838 2687 868 2736 ad
883 2686 980 2737 Heracl.
992 2687 1074 2745 Pont,
1084 2685 1159 2751 Alleg.
1171 2685 1245 2736 Hom.
1258 2687 1306 2752 (pg.
1317 2685 1349 2739 'ld
1365 2687 1399 2736 ed.
1412 2685 1511 2752 Sbow.):

320 2776 375 2822 nas
398 2773 448 2835 γαρ
471 2771 502 2819 τό
525 2767 691 2832 dedicaverit
706 2786 790 2826 τινων,
809 2768 844 2827 εἷς
860 2771 947 2817 ταῦτα
963 2766 1101 2818 ἀναλύεται
1120 2766 1326 2832 διαφθειρόμενον,
1344 2767 1447 2830 ὡστερεὶ
1466 2770 1513 2827 τῆς

319 2853 418 2918 φόσεας
441 2851 459 2902 δι
483 2850 618 2901 δεδόντικσν
646 2848 671 2900 is
689 2851 756 2915 σἰρχῇ
775 2850 841 2913 χρέα
858 2849 1023 2916 κομιζομένης
1042 2848 1085 2900 ieri
1102 2849 1179 2900 τέλει.
1197 2851 1241 2900 Διὸ
1260 2849 1288 2908 δὴ
1305 2853 1359 2909 ταῖς
1379 2849 1515 2916 Κλαζομε-

320 2937 378 2995 νόσις
401 2934 525 3000 δόγμασιν
549 2933 668 2997 ἑπόμενος
692 2932 823 2996 Εὐριπίδης
839 2933 916 2996 φησί’
926 2935 1005 2996 χωρεῖ
1020 2932 1043 2983 δ’
1061 2933 1140 2983 irrisu
1157 2935 1191 2982 τδι
1210 2933 1256 2995 μὲν
1272 2930 1300 2982 ἔκ
1317 2933 1394 2996 γαίας
1407 2951 1429 2981 ιι.
1447 2951 1472 2982 τ.
1488 2943 1513 2982 λ.

354 3019 409 3068 Ηοσ
436 3034 492 3082 ergo
516 3017 681 3067 testimoninm
706 3033 772 3066 meae
796 3017 928 3066 sententiae
954 3020 1036 3082 aperte
1061 3019 1191 3081 repugnet,
1215 3017 1337 3066 declarans
1357 3015 1414 3065 Eur.
1432 3015 1458 3064 in
1475 3015 1515 3064 lsis

319 3103 497 3167 praeceptorem
515 3102 622 3149 secatmn
639 3113 695 3148 esse.
713 3099 757 3147 nu
774 3101 853 3147 temen
871 3113 914 3147 cnr
932 3098 1085 3148 Heraclidem
1102 3113 1183 3148 errare
1201 3101 1290 3164 putem.
1317 3098 1427 3146 Primum
1444 3113 1516 3146 nemo

320 3183 381 3232 alias
407 3182 511 3248 scriptor
534 3182 612 3231 simila
636 3181 766 3245 quidquam
788 3182 816 3230 dc
840 3182 981 3245 Anaxagora
1005 3181 1107 3230 rettulit.
1133 3181 1194 3231 Tum
1211 3180 1282 3230 verba
1299 3181 1373 3230 citata
1389 3183 1516 3246 tantopere

321 3265 526 3314 Anaximandrum
543 3264 639 3330 sapiunt
656 3267 683 3312 ut
701 3263 740 3312 vix
757 3263 863 3313 dubitem
880 3279 934 3312 enm
951 3263 1013 3328 qaod
1033 3264 1065 3314 sit
1081 3264 1173 3313 Milesii
1190 3264 1302 3313 tribuisse
1323 3263 1480 3313 Clazomenio.

355 3347 442 3396 Grades
455 3345 529 3404 mihi,
544 3345 642 3412 opinor,
660 3344 754 3393 collatis
772 3345 822 3394 his:
842 3343 945 3406 ὡστερεὶ
963 3347 1009 3402 τῆς
1024 3343 1137 3407 φύσεως,
1153 3343 1171 3393 δι
1186 3343 1321 3394 διδόνειιιεν
1339 3341 1440 3408 &sams
1449 3342 1519 3407 χρέα

322 3424 489 3494 νομιζομένης
506 3423 549 3476 ἐπὶ
565 3425 635 3476 siau
653 3443 706 3476 curn
723 3427 773 3476 illis
790 3427 961 3476 Anaximandri
975 3426 1026 3490 jam
1041 3444 1113 3493 supra
1127 3427 1241 3478 laudatis:
1254 3425 1281 3493 ἒξ
1299 3422 1330 3476 ds
1346 3426 1373 3476 δὲ
1388 3426 1402 3484 ἦ
1417 3426 1519 3491 γόνεσός

322 3504 524 3567 ἔστιτσῖςσόσι
553 3509 613 3558 καὶ
645 3508 707 3566 τὴν
741 3508 870 3572 φόνρδιν
906 3508 959 3567 εἷς
995 3512 1114 3558 ταῦτα
1146 3508 1321 3573 γενέσθαι
1356 3511 1449 3559 aar&
1476 3512 1518 3560 τδ

321 3589 603 3655 χρεόνδιδόναι
629 3593 692 3655 γὰρ
715 3589 808 3639 αότδι
831 3591 931 3639 τόσιν
953 3592 1013 3640 καὶ
1036 3589 1137 3648 δόνιρν
1160 3589 1339 3650 αλλήλοις
1365 3595 1428 3650 τῆς
1453 3591 1520 3641 dea-

322 3675 403 3732 νίας
429 3674 521 3722 κατα
547 3672 609 3729 τὴν
636 3675 699 3722 τσῦ
726 3675 856 3735 χρόνον
882 3671 1001 3737 τόξιν,
1027 3673 1112 3738 quibus
1136 3673 1214 3724 verbis
1236 3690 1259 3725 τ.
1286 3674 1315 3723 σῙ.
1333 3675 1400 3724 land
1418 3675 1521 3740 exponit

324 3756 443 3821 designari
468 3756 581 3805 damnum
607 3759 631 3804 et
653 3756 824 3806 detrimentum
842 3760 877 3818 τῷ
896 3755 987 3818 aestas
1011 3757 1084 3821 (quod
1103 3757 1248 3822 principiam
1266 3759 1389 3824 posuerat)
1406 3759 1522 3816 illatam,

318 3855 395 3903 quum
419 3855 443 3887 se
465 3838 545 3888 variae
569 3854 606 3887 ras
629 3837 658 3888 ab
681 3855 708 3887 co
732 3841 883 3904 separarent,
908 3842 932 3887 et
948 3839 993 3887 hoo
1012 3840 1082 3887 modo
1107 3841 1376 3904 compensandam.
1403 3842 1469 3890 Haec
1488 3842 1523 3891 si·

322 3921 425 3971 millima
449 3935 527 3970 noane
548 3923 622 3970 suntl'
640 3921 767 3970 Praeterea
788 3921 870 3986 paullo
893 3925 948 3971 ante
965 3921 1092 3986 scripserat
1109 3922 1221 3973 Hercul:
1239 3921 1301 3972 ἀλλ’
1318 3920 1523 3988 δΚλαζσμόνισς

325 4003 512 4067 Ἀναξαγόρας,
536 4004 603 4052 κατδι
626 4001 745 4065 διαδοχὴν
766 4001 888 4066 γνώριμος
906 4001 937 4051 διν
956 4006 1087 4061 Θαλῆτσς,
1106 4001 1240 4072 σννόζτνξσ
1258 4009 1293 4067 τῷ
1313 4003 1386 4054 όδατι
1404 4002 1522 4067 διότερσν

324 4088 453 4148 στοιχεῖον
477 4084 523 4143 τὴν
546 4089 606 4149 γῆν,
624 4086 663 4134 ἵνα
681 4087 741 4152 ξηρῷ
760 4084 851 4148 μιχθὲν
869 4086 900 4134 τό
918 4085 991 4148 όγρσν
1009 4082 1036 4151 ἐξ
1054 4085 1195 4135 ἀντιτόλσν
1213 4084 1311 4149 φόσσαι
1329 4085 1364 4145 εἷς
1380 4087 1440 4148 μίαν
1458 4087 1523 4148 ὁμσ-

322 4168 388 4217 νσόαν
406 4167 534 4233 ἀνακραόῇ.
551 4171 619 4235 Quae
635 4172 691 4218 sunt
708 4169 756 4217 ista
771 4169 864 4218 somnia
880 4172 905 4218 et
918 4168 1093 4218 deliramenta?
1108 4169 1169 4234 Quis
1184 4169 1285 4220 docuit?
1303 4170 1353 4233 Ego
1368 4169 1416 4219 elia
1425 4170 1524 4220 ratione

321 4250 431 4316 expedire
449 4267 541 4315 nequeo
558 4268 629 4316 quarn
648 4255 675 4300 nt
692 4267 747 4301 eum
762 4251 805 4300 lise
823 4252 848 4300 in
866 4267 892 4300 rs
908 4267 1003 4317 qaoque
1017 4254 1183 4315 Anaxagoram
1199 4267 1254 4302 cam
1270 4251 1448 4302 Anaximandro
1463 4269 1525 4304 con-

318 4326 408 4381 fudisse
432 4335 536 4384 statuam
559 4337 584 4382 et
606 4334 733 4399 opinatum
756 4349 805 4384 esse
827 4333 857 4382 τὸ
881 4331 979 4394 ότειρσν
1002 4349 1030 4383 ex
1054 4349 1116 4398 equa
1140 4337 1164 4382 et
1182 4337 1248 4383 terra
1265 4335 1337 4384 luisse
1354 4335 1527 4401 compositum.

320 4415 355 4464 Eo
370 4414 446 4478 magis
461 4418 542 4466 antsm
557 4417 581 4465 id
594 4416 701 4482 auspicor
716 4418 779 4481 qnod
793 4416 885 4466 nomini
893 4416 993 4480 subjecit
1002 4440 1007 4466 ι
1016 4417 1083 4465 κατα
1093 4412 1212 4479 διαδοχὴν
1220 4414 1343 4480 γνώριμος
1350 4413 1382 4465 διν
1391 4419 1525 4476 onsurae.

322 4496 388 4547 Mihi
405 4495 481 4562 igitar
499 4498 635 4548 Heraclidis
652 4498 840 4549 observationem
858 4501 886 4549 ut
902 4497 1106 4564 inexplicabilibus
1119 4497 1241 4548 amoribus
1257 4498 1405 4564 implicatam
1421 4515 1527 4564 prorsus

323 4579 444 4645 negligere
460 4579 527 4630 nulls
543 4585 580 4630 aa
598 4581 689 4645 religio.
