3418 5356
788 457 853 522 119

588 686 660 768 57.
691 685 890 765 Ἠιοοοταεία,
917 687 1063 774 Mystico.

268 856 387 922 Verum
410 875 476 920 non
488 854 591 920 solnm
603 854 637 918 iu
650 855 917 938 interpretatione
930 857 1063 920 naturae
1075 855 1205 922 divinae
1218 858 1357 924 incertus
1368 861 1417 924 est

223 971 255 1030 at
282 983 399 1047 vagus,
430 961 485 1026 sed
509 961 605 1026 etiam
629 960 768 1044 deipsis
791 961 852 1025 diis
875 960 1087 1046 heroibusque
1112 963 1337 1049 mythologiois
1359 987 1417 1029 va·

221 1068 285 1134 rias
312 1089 405 1152 saepe
428 1066 571 1151 sequitur
594 1065 737 1142 fabulas,
761 1066 860 1151 iisque
885 1066 1045 1132 liberrime
1068 1068 1180 1132 utitur.
1205 1067 1308 1143 Quare
1332 1070 1417 1154 apud

222 1196 294 1240 eum
312 1175 439 1258 praeter
458 1171 586 1256 mythos
610 1176 747 1236 mutatos
767 1171 868 1256 (velut
886 1173 919 1235 iu
940 1171 1077 1258 Helena)
1096 1172 1275 1258 frequentia
1291 1196 1417 1260 quoque

222 1278 487 1365 deprehendimus
517 1278 711 1342 theoorasiae
741 1279 895 1361 exempla.
921 1277 1075 1362 Pleraque
1098 1279 1239 1363 dispersa
1262 1285 1338 1345 sunt
1359 1301 1417 1366 per

220 1386 351 1452 ultimae
370 1385 484 1450 aetatis
503 1385 629 1450 fabulas
648 1385 698 1450 vel
717 1384 901 1468 fragmenta
917 1385 1111 1469 perditarum
1123 1431 1130 1460 ,
1144 1406 1279 1469 quarum
1292 1390 1418 1471 tempus

219 1494 403 1578 ignoratur3
428 1491 659 1574 sedquoniam
685 1491 719 1554 in
743 1490 837 1556 huius
861 1512 988 1576 quoque
1009 1491 1123 1556 aetatis
1143 1494 1297 1557 dramatis
1317 1515 1418 1578 pauca

220 1598 371 1682 leguntur
401 1617 505 1680 neque
536 1597 596 1660 hau
620 1597 655 1660 in
680 1618 714 1660 re
736 1599 915 1680 temporum
940 1597 1104 1662 distinctio
1128 1599 1239 1682 magni
1263 1600 1417 1665 momenti

220 1709 285 1782 ast,
317 1704 379 1767 hoe
410 1703 479 1767 loeo
508 1701 617 1767 omnia
639 1703 749 1786 paneis
772 1702 945 1766 absolvam.
976 1702 1167 1786 Proserpina
1190 1705 1224 1768 in
1250 1705 1327 1770 lone
1350 1705 1416 1772 lere

220 1810 309 1895 quasi
343 1808 455 1875 Selene
487 1809 665 1874 celebratur
680 1811 723 1894 ¹),
745 1809 780 1872 in
804 1807 1005 1874 Phaethonte
1029 1831 1102 1873 vero
1127 1831 1146 1874 a
1170 1810 1268 1874 Vesta
1290 1812 1344 1877 vix
1367 1813 1417 1876 di·

221 1939 309 1982 versa
334 1917 458 1980 videtur
471 1913 508 1999 ²).
535 1914 651 1980 Vestae
670 1935 787 1979 nomen
808 1919 914 1979 autem
927 1915 1095 1980 vidimusa
1109 1919 1219 1981 nostro
1232 1917 1416 1982 auctoribus

207 2021 462 2112 ¹›asapientibus”
486 2021 593 2086 telluri
616 2021 727 2085 datnm
752 2042 819 2086 esse
839 2020 892 2105 (fr.
913 2022 979 2086 938
1000 2022 1064 2087 vid.
1084 2042 1139 2107 pg.
1161 2022 1204 2087 56
1218 2026 1321 2111 sqq),
1335 2046 1417 2109 quae

219 2130 289 2214 ipsa
323 2128 439 2194 Baoelr.
473 2129 537 2192 275
569 2126 664 2192 Ceres
695 2130 827 2192 vocatur
841 2125 876 2210 ³).
912 2124 1006 2192 Ceres
1037 2148 1147 2192 rursus
1178 2128 1268 2213 quasi
1299 2151 1418 2214 magna

218 2235 348 2300 deorum
369 2237 469 2298 mater
488 2233 667 2298 celebratur
687 2231 827 2297 Helenae
847 2231 973 2297 eborico
994 2233 1135 2297 carmine
1147 2233 1183 2319 Ι).
1206 2233 1414 2300 Lunaautem

217 2361 287 2405 oum
320 2339 512 2423 Proserpina
542 2337 752 2403 confunditur
775 2341 807 2402 et
830 2341 985 2422 utsupra
1008 2338 1147 2403 vidimus
1174 2340 1241 2423 (pg.
1267 2340 1309 2403 66
1331 2343 1414 2424 sqq.)

217 2577 288 2642 vulgo
309 2579 462 2637 oolereutnr,
482 2579 635 2642 oontemptur
658 2576 783 2643 Euripides
806 2577 904 2626 urinum
925 2577 1050 2641 agnovisse
1075 2577 1146 2628 deum
1168 2576 1264 2627 videtur
1286 2573 1415 2640 αὐτοφυῆ·

218 2663 322 2710 nentem
339 2675 437 2725 puram.
453 2663 588 2718 artemam,
603 2663 674 2724 etque
687 2659 746 2708 adeo
759 2659 893 2714 inunitam.
909 2659 1047 2724 nulliusque
1062 2658 1097 2708 rei
1111 2659 1219 2724 indigam
1229 2697 1234 2710 .
1246 2697 1251 2708 .
1263 2697 1286 2708 ..
1301 2659 1416 2710 preterire

217 2757 259 2790 rue
280 2745 367 2791 nature
388 2741 519 2807 qnieeeenti
540 2751 563 2790 et
581 2743 691 2790 contusae
709 2756 775 2790 mene
792 2741 838 2789 iate
855 2741 963 2791 divinum
980 2747 1073 2790 motum
1092 2741 1180 2791 indidit
1198 2747 1270 2808 atque
1287 2744 1415 2802 ornatum,

216 2825 320 2876 creatrix
343 2825 403 2874 ooeli
426 2828 450 2875 et
472 2823 576 2884 terrae”,
600 2828 626 2874 et
651 2824 749 2889 poetheo
771 2839 808 2888 pg.
827 2826 874 2874 45:
896 2824 983 2873 ‚etiam
999 2824 1130 2874 meandum
1149 2824 1302 2890 ltnripidem,
1319 2827 1414 2889 praeter

216 2909 345 2974 Operam,
368 2909 413 2957 τὸν
428 2905 557 2972 αιίτιφνῆ,
573 2907 636 2956 nibil
651 2911 707 2956 ente
723 2907 846 2955 eonditum
865 2906 909 2956 boe
927 2906 1066 2956 universum
1085 2907 1146 2964 luit,
1165 2906 1210 2956 niel
1228 2906 1295 2957 rudia
1311 2906 1414 2971 indigea-

216 2995 289 3057 teqae
310 2992 392 3042 moles.
415 2993 508 3042 Sectam
530 2989 664 3055 rungeriem
681 2988 708 3038 in
725 2990 773 3038 duo
788 2987 893 3039 membre
913 2991 990 3040 Deur
1012 2989 1105 3052 redegit
1126 2989 1335 3048 aedificetur,
1359 3004 1412 3038 eoe-

216 3074 268 3125 lum
290 3079 314 3124 et
338 3079 442 3132 terrem
466 3074 523 3124 haee
546 3074 592 3124 duo
613 3071 772 3122 eumidererit
795 3071 862 3121 velut
885 3087 986 3138 eorpora
1009 3071 1137 3136 genitalia,
1166 3071 1215 3120 rive
1233 3087 1315 3121 rernm
1331 3075 1414 3137 poetae

216 3160 351 3206 murum
366 3156 495 3222 principie,
511 3156 556 3206 heo
569 3155 594 3204 in
608 3171 635 3204 re
649 3170 743 3218 quoqne
757 3157 934 3220 praweptorem
949 3157 1044 3205 eenutm
1059 3152 1249 3216 Axuxgoram.”
1273 3155 1351 3203 Nemo
1365 3168 1413 3203 nux

216 3239 282 3286 videt
304 3237 390 3287 Valet.
413 3240 567 3300 Anaxagorae
582 3236 751 3301 potiusquam
770 3235 897 3302 Euripidae
914 3251 1021 3286 narrare.
1043 3237 1126 3302 »Quae
1143 3234 1192 3285 dixi
1210 3234 1323 3300 pleraque
1341 3235 1412 3284 edro-

215 3319 276 3368 eetie
291 3319 427 3384 Euripideie
443 3334 490 3368 non
507 3318 633 3368 difficulter
650 3318 809 3368 demonetreri
826 3315 950 3384 panau.
968 3318 1069 3368 Utinam
1085 3317 1193 3368 ῐοοίεεοει

254 3399 283 3464 l)
301 3400 328 3450 V.
350 3401 425 3450 1048:

353 3479 450 3532 Elrodla
465 3479 573 3545 θύγατερ
590 3479 737 3544 Δάματρος,
752 3480 770 3530 u
787 3485 837 3530 τθν
855 3482 1008 3532 νυκτιπόλων
1025 3477 1117 3544 ἔφοδον
1135 3477 1256 3538 ἀνάσσεις

355 3563 396 3612 καὶ
414 3563 577 3627 μεθαμερίειν,
594 3561 684 3613 ὅδωσον
703 3561 863 3613 tranem

354 3644 476 3708 aruum
494 3643 657 3708 ποιήματ’,
674 3673 708 3684 -

254 3728 283 3790 2)
301 3727 401 3778 Phuth.
418 3727 449 3778 fr.
468 3727 516 3779 781
534 3744 557 3778 v.
577 3730 621 3779 55:

485 3809 517 3857 erl
535 3808 560 3858 δ’
577 3805 595 3858 ὅ
612 3811 708 3873 τορὸς
726 3807 902 3870 δέσποινα,
919 3808 1049 3872 Δνὶριιρτρεε
1066 3811 1137 3872 κόρη,

482 3889 617 3954 Ἥφαιστε
634 3893 661 3941 τ’
678 3888 732 3943 εἴτε
748 3895 891 3955 πρευμενεῖς
908 3889 992 3954 δομοις
1010 3888 1086 3952 ipsein

251 4016 280 4081 8)
486 4016 603 4082 aunem
621 4019 678 4077 θεὲ,

484 4102 517 4157 1¹2
536 4099 559 4150 δ’
576 4097 662 4150 ἔστιν·
678 4101 758 4164 ὀνορεα
775 4101 799 4151 δ’
815 4101 931 4164 ὁπότερον
949 4099 1035 4164 βούλει
1053 4099 1133 4154 πόλει.

250 4179 495 4248 αωωψ

640 4266 707 4327 ὀρεία
724 4266 788 4318 ποτε
804 4264 907 4328 δρομάδι
928 4263 999 4327 κάλοι
