3418 5356
835 433 899 498 122

273 618 401 684 indicia.
433 617 515 694 Quid
546 618 630 702 quod
661 616 850 701 Supplieum'
873 618 984 680 drama
1007 613 1112 678 nullas
1139 613 1238 678 habet
1260 613 1391 677 deorum
1416 633 1467 676 re-

273 724 508 810 prehensiones.
534 724 604 788 Hoc
627 726 734 788 tamen
758 743 823 788 non
847 725 1023 807 repugnat,
1048 721 1174 785 videtur
1192 720 1277 786 enim
1297 719 1468 803 Euripides

274 831 421 894 omnibus
455 830 549 894 rebus
578 829 726 894 facillima
753 831 890 908 moveri;
915 833 982 893 tam
1004 849 1107 912 pauca
1131 826 1260 892 deeius
1284 827 1351 890 vita
1375 829 1407 890 et
1429 825 1468 890 de

274 937 473 1022 singulorum
505 939 686 1000 dramatum
716 939 859 1020 tempore
891 934 983 999 nobis
1015 933 1134 997 tradita
1165 937 1260 1009 sunt,
1287 934 1466 996 etcertum

271 1042 426 1128 judicium
457 1041 560 1106 facere
591 1062 800 1125 nequeamue;
833 1063 942 1106 verum
973 1038 1196 1124 reputantibus
1225 1041 1378 1122 quantam
1403 1037 1467 1100 vim

274 1149 309 1213 in
333 1148 455 1212 animos
476 1149 601 1212 nostros
621 1148 737 1212 habere
756 1148 880 1232 possint
900 1147 950 1212 vel
970 1146 1147 1211 levissimae
1165 1165 1215 1210 res
1235 1145 1299 1209 sive
1319 1146 1359 1207 ed
1376 1165 1467 1208 men·

274 1259 337 1318 tem
361 1254 426 1317 sive
449 1256 490 1316 ad
513 1274 627 1337 corpus
651 1253 860 1337 pertinentes,
883 1253 997 1317 mirum
1020 1273 1085 1316 non
1107 1254 1213 1335 potest
1233 1250 1350 1326 videri,
1371 1249 1467 1314 etiam

273 1361 308 1423 in
328 1359 388 1424 hoe
407 1381 564 1424 annorum
584 1360 688 1443 spatio
708 1359 853 1442 Euripidi
873 1359 993 1443 aliquid
1014 1358 1162 1424 accidisse
1181 1359 1266 1442 quod
1286 1357 1466 1441 aequiorem

273 1465 503 1550 aliquantisper
534 1466 563 1529 ei
593 1465 737 1529 redderet
766 1466 925 1542 animum,
952 1468 1144 1548 deorumque
1177 1464 1343 1547 imperium
1367 1463 1396 1527 ei
1419 1463 1467 1526 ita

273 1571 423 1655 probaret
446 1575 481 1635 ut
505 1595 523 1635 e
545 1570 833 1656 vituperationibus
856 1571 1031 1636 abstineret
1044 1569 1079 1655 ¹).

321 1676 382 1741 Sed
412 1697 522 1742 vereor
551 1699 591 1741 ne
625 1683 716 1740 breve
746 1680 872 1741 tantum
904 1681 1030 1760 tempus
1057 1676 1117 1742 hee
1140 1676 1246 1760 quiete
1268 1674 1391 1740 fructus
1415 1675 1466 1739 sit.

209 1803 258 1852 408
275 1783 359 1850 Nam
385 1782 525 1866 reliquae
557 1782 650 1847 huius
674 1783 788 1848 aetatis
812 1782 872 1860 (Ol.
898 1781 1072 1860 87‚4-01.
1099 1784 1186 1860 93‚1)
1205 1781 1332 1846 fabulae
1351 1781 1468 1864 passim

275 1889 450 1954 ostendunt
474 1889 616 1953 animum
637 1889 891 1953 dubitationibus
914 1911 932 1951 a
951 1910 983 1952 se
1002 1889 1072 1972 ipso
1086 1888 1289 1952 dissidentem
1302 1891 1334 1950 et
1346 1886 1467 1952 discor·

275 1997 422 2071 dantem;
457 2017 538 2078 quae
569 1995 653 2059 enim
683 1994 812 2078 pietatis
842 1995 960 2059 indicia
992 1994 1173 2058 notavimus
1195 1993 1269 2057 inde
1293 1993 1469 2057 manabant

275 2105 360 2185 quod
383 2102 443 2166 diis
465 2103 636 2166 contentus
657 2123 724 2166 esse
744 2104 870 2185 poterat
887 2101 1013 2185 quoties
1029 2101 1173 2184 justitiae
1193 2103 1224 2163 et
1244 2099 1369 2163 virtutis
1381 2099 1468 2183 leges

274 2210 481 2291 sequerentur
514 2229 615 2292 neque
646 2206 802 2270 humanas
835 2207 1040 2270 ostenderent
1069 2205 1290 2287 infirmitates,
1328 2209 1360 2268 et
1383 2207 1467 2288 quod

275 2335 340 2378 non
365 2313 441 2378 satis
468 2313 608 2378 habebat
631 2313 829 2378 constantiae
853 2313 1049 2397 fiduciaeque
1071 2315 1108 2376 ut
1131 2311 1223 2375 novis
1246 2311 1341 2375 rebus
1365 2313 1469 2375 totum

274 2442 307 2485 se
332 2421 431 2484 daret.
456 2419 612 2495 Quoniam
636 2419 736 2502 igitur
760 2441 798 2483 ex
823 2418 963 2503 antiquis
987 2419 1106 2502 mythis
1130 2417 1294 2482 materiem
1318 2438 1469 2501 quaerere

274 2526 447 2610 pergebat,
471 2526 572 2609 iisque
588 2525 773 2610 praesertim
794 2524 848 2608 qui
862 2525 990 2609 aliquod
1003 2525 1117 2589 vitium
1129 2525 1259 2588 deorum
1272 2522 1469 2608 exhiberent,

274 2631 394 2697 facturn
419 2633 466 2695 est
489 2634 526 2695 ut
548 2630 771 2715 indignatione
796 2630 945 2714 abreptus
968 2630 1003 2693 in
1027 2630 1207 2694 dramatum
1232 2629 1376 2693 oratione
1398 2651 1470 2694 eum

275 2737 473 2821 argumentis
497 2736 678 2820 saepissime
702 2740 861 2821 pugnaret
874 2736 912 2823 2).

321 2841 355 2907 Si
378 2843 484 2905 autem
506 2844 637 2925 rogatur
657 2845 694 2906 ut
714 2843 844 2906 tandem
865 2842 985 2926 aliquid
1004 2842 1179 2908 iudicemus
1200 2843 1284 2927 quod
1298 2863 1364 2906 non
1377 2843 1470 2907 modo

275 2947 439 3012 admiserit
462 2948 556 3012 modo
580 2948 738 3026 reiecerit‚
763 2949 817 3012 vix
836 2948 1011 3033 quidquam
1031 2948 1175 3013 invenire
1196 2971 1325 3034 possum
1346 2951 1473 3033 praeter

210 3181 260 3231 420
312 3173 338 3235 1)
362 3173 404 3236 Pg.
424 3172 456 3222 12
473 3174 606 3238 expositum
625 3177 660 3222 ast
677 3173 799 3238 Supplices
816 3173 977 3246 plurimorum
995 3173 1138 3237 conjecturis
1155 3173 1195 3224 Ol.
1214 3176 1252 3224 89.
1268 3177 1284 3223 4
1302 3173 1400 3231 ascribi;
1421 3173 1473 3237 qni·

275 3255 319 3305 bus
335 3255 356 3304 si
373 3256 515 3304 credendum
533 3259 568 3304 est
584 3259 608 3304 et
625 3255 753 3304 Erechthei
771 3271 865 3320 quoqne
883 3256 977 3305 subulae
994 3256 1047 3320 piae
1062 3257 1126 3305 idem
1141 3271 1216 3305 annas
1231 3256 1342 3305 convenit
1358 3256 1417 3320 (vid.
1433 3271 1472 3320 pg.

276 3339 335 3404 10),
360 3337 417 3386 satie
440 3337 596 3402 probabiliter
618 3337 712 3386 videtur
739 3338 813 3386 statui
831 3353 898 3402 posse
915 3338 1069 3387 coemtionem
1092 3337 1164 3396 belli,
1183 3338 1300 3402 quietem,
1318 3338 1472 3387 securitatem

275 3420 398 3469 restitutas
414 3423 497 3484 poetae
515 3421 589 3469 animi
607 3420 695 3470 mutati
712 3435 807 3470 cansam
825 3420 907 3470 fuisse.

310 3502 338 3567 2)
357 3503 510 3565 Hartungue,
534 3503 655 3568 Euripidis
675 3503 784 3551 defensor
807 3510 831 3551 et
848 3502 980 3552 admirator
998 3503 1140 3562 acerrimus,
1160 3505 1230 3566 negat
1248 3501 1323 3552 allam
1340 3503 1403 3566 apud
1420 3517 1474 3551 eum

276 3599 357 3634 rerum
375 3583 511 3634 divinarum
527 3585 712 3650 discrepantiam
729 3599 784 3634 esse.
804 3583 935 3634 Contendit
953 3584 1017 3633 anim
1037 3585 1104 3648 (Eur.
1124 3584 1251 3634 restitutus
1269 3585 1289 3632 I.
1307 3600 1344 3648 pg.
1364 3584 1395 3632 tt
1409 3584 1474 3648 sqq.)

276 3682 330 3716 eum
348 3682 422 3716 unum
439 3667 510 3716 deum
527 3668 649 3731 agnovisse
666 3666 813 3725 naturalem,
832 3666 940 3732 potentia
954 3666 1097 3731 justitiaque
1114 3682 1247 3726 summum
1267 3667 1322 3716 deos
1337 3669 1416 3716 antem
1430 3681 1474 3730 po·

276 3749 372 3814 palates
390 3747 498 3798 habuisse
515 3750 582 3812 quasi
599 3751 736 3809 daemones,
755 3750 811 3800 deos
828 3749 945 3807 minores,
963 3749 1051 3799 summi
1069 3749 1174 3799 numinis
1192 3749 1330 3807 ministros,
1349 3749 1472 3798 variorum

274 3832 453 3882 commodorum
469 3830 617 3888 inventores.
636 3832 708 3882 simul
722 3836 830 3882 auctores
845 3831 1055 3897 perturbationum
1064 3831 1139 3881 animi
1149 3839 1172 3880 at
1181 3847 1263 3881 aarum
1272 3847 1354 3880 rerum
1362 3830 1471 3880 omnium

275 3930 336 3979 qnae
356 3913 508 3980 necopinato,
529 3914 603 3973 forte,
623 3915 682 3963 mire
699 3915 835 3966 hominibus
854 3913 958 3963 accidere
976 3913 1107 3963 videantur.
1127 3916 1195 3979 Quae
1213 3914 1348 3976 conjectura
1364 3911 1473 3977 quamvis

276 3996 396 4062 ingeniose
413 3995 551 4046 elucubrata
569 3997 623 4045 luco
639 4001 720 4046 tamen
734 3998 842 4062 splendet
857 3997 1016 4061 potiusquam
1032 3997 1136 4060 ingenuo
1150 3995 1236 4046 colore.
1252 3995 1345 4045 Vellem
1363 3995 1473 4044 Hortan-

277 4095 321 4144 gus
351 4078 464 4144 exemplis
487 4078 630 4128 illustrasset
654 4079 721 4127 illam
744 4080 862 4128 rationem
885 4079 949 4128 iuter
970 4094 1090 4128 summum
1114 4079 1184 4128 deum
1212 4082 1236 4127 et
1259 4078 1314 4128 dees
1338 4077 1472 4143 populares.

276 4162 365 4226 Quodsi
384 4165 454 4226 poeta
468 4160 578 4209 habuerit
592 4160 618 4210 id
635 4164 738 4223 systema
752 4165 875 4220 constans,
891 4161 949 4225 quid
966 4176 1059 4226 semper
1075 4161 1189 4210 irascitur
1197 4158 1351 4210 daemonibus
1360 4160 1421 4218 illie,
1431 4159 1473 4224 qni

276 4258 351 4308 quum
372 4259 456 4306 graves
478 4243 574 4291 affectm
599 4245 708 4291 moveant
735 4246 759 4291 et
777 4244 806 4291 ad
829 4243 916 4292 scelera
934 4242 1060 4308 impellant
1078 4243 1204 4308 proprium
1222 4257 1291 4291 snum
1308 4257 1395 4291 munna
1411 4256 1476 4290 exse·

275 4327 398 4389 quantur?
418 4325 439 4372 N
441 4339 502 4374 enne
519 4323 647 4373 absurdum
664 4327 701 4372 est
716 4323 831 4373 virtutem
849 4324 874 4374 in
889 4324 939 4373 illis
953 4327 1108 4389 exspectare?
1122 4325 1215 4374 Rursus
1231 4323 1252 4372 ei
1266 4323 1353 4372 summi
1367 4322 1473 4372 numinis

273 4406 322 4457 sint
338 4406 445 4456 ministri
461 4421 537 4471 neque
554 4423 610 4472 ergo
626 4406 670 4456 illo
688 4406 764 4456 invito
783 4407 841 4457 mali
854 4408 983 4472 quidquam
999 4405 1080 4455 moliri
1096 4406 1199 4470 possint,
1214 4421 1292 4456 nonne
1305 4407 1375 4470 culpa
1391 4405 1475 4454 eodem

273 4488 369 4546 recidit,
393 4503 440 4552 quo
464 4493 543 4538 nunol’
569 4489 691 4553 Hertungi
714 4503 782 4539 error
806 4490 931 4540 manifesto
950 4491 1020 4538 natue
1040 4491 1075 4538 est
1093 4503 1105 4536 e
1123 4489 1202 4541 studio
1220 4487 1356 4538 absolvendi
1373 4489 1470 4551 poetam

276 4570 342 4622 omni
358 4569 530 4620 inconstantiae
546 4571 653 4621 crimine.
