3418 5356
764 804 951 890 OAPUT
973 805 1048 893 IV.

696 1037 913 1088 manuscula
937 1038 1120 1092 QUAEDAM.

357 1237 406 1304 De
430 1237 516 1304 coelo
538 1259 595 1323 per
615 1241 686 1302 adra
705 1237 868 1302 redeamus
890 1240 931 1303 ad
948 1240 1077 1304 terram.
1096 1235 1149 1301 Ab
1167 1235 1396 1321 anliqnissimis
1417 1238 1498 1300 iem·

311 1345 442 1430 poribus
460 1346 528 1430 jam
552 1343 762 1429 quaerebalnr
781 1343 896 1428 quibus
917 1345 955 1408 de
974 1343 1075 1408 causis
1088 1342 1182 1409 Nilus
1194 1342 1313 1408 flumen
1326 1341 1500 1429 quotannis

310 1452 345 1518 in
367 1454 487 1517 aestslc
510 1454 680 1534 cresccrel3
705 1449 868 1536 variasque
890 1450 923 1515 in
948 1454 1055 1536 parles
1078 1450 1117 1515 de
1135 1450 1195 1514 hac
1214 1473 1248 1515 re
1267 1450 1498 1535 disputabatur.

311 1557 478 1643 Euripides
508 1558 617 1643 paucis
645 1557 740 1642 locis,
766 1557 881 1642 quibus
904 1556 998 1621 huius
1020 1555 1161 1621 fluminis
1184 1557 1262 1622 facil
1285 1557 1499 1634 montionem,

310 1664 432 1730 indicat
448 1664 680 1730 incremcnlnm
701 1663 781 1728 illud
801 1662 882 1728 effici
894 1663 1020 1728 nivibus
1032 1663 1067 1726 in
1078 1661 1364 1748 Aethiopiaejngis
1375 1661 1499 1727 solutis.

353 1769 393 1836 In
417 1770 526 1855 primis
548 1768 691 1835 Helenae
714 1768 855 1835 versibus
878 1768 937 1834 hoc
960 1768 1096 1853 legitur:
1224 1765 1227 1773 ’

489 1876 638 1942 Νείλου
662 1876 718 1954 μὲν
743 1872 813 1940 αἵδε
837 1875 1073 1954 καλλιπάρθενοι
1098 1874 1184 1956 ῥοαί,

489 1976 519 2056 δι
545 1983 613 2048 ἄντί
638 1982 705 2055 δίας
729 1981 873 2064 ψαιιοίδος
897 1981 1060 2058 Αἰγύπτου
1085 1981 1173 2048 πέδον

490 2098 638 2165 λιυκθς
662 2088 858 2163 τακείσης
882 2086 1022 2168 χιίνοι
1047 2087 1182 2169 θγραίνει
1206 2089 1300 2165 γιίαι.

352 2195 394 2261 In
415 2194 455 2264 fr.
480 2196 544 2261 280
569 2217 608 2261 cx
632 2194 788 2260 Archelao
811 2198 938 2260 servato
963 2194 1070 2280 (Rhoe.
1095 2194 1158 2259 vol.
1184 2196 1215 2261 8.
1239 2216 1271 2279 p.
1298 2193 1394 2280 577):

490 2301 613 2375 Δαναὸς
637 2302 650 2366 θ
675 2305 865 2377 πεντιίιιοντα
890 2300 1063 2380 θυγατέρων
1087 2303 1190 2381 πατὴρ

492 2409 606 2474 Νείλου
630 2409 726 2473 λιπὼν
749 2407 918 2474 κάλλιστον
942 2408 975 2472 ἐκ
998 2407 1097 2485 γαίας
1122 2405 1214 2487 ι’ίδυρ,

492 2511 523 2587 ὃς
548 2515 582 2580 εἰι
605 2513 837 2596 ροελαμβρίποιο
861 2520 1030 2594 πληροῦται
1055 2515 1124 2598 ρὀθος

492 2621 662 2694 Αἰθιοπίδος
687 2629 762 2707 γῆς,
790 2623 865 2696 ἡνίκ’
889 2620 927 2686 δν
950 2631 1032 2703 τακῇ
1056 2620 1133 2702 χιὼν

489 2725 631 2807 τίθριππ’
657 2728 782 2800 θλῶντοι
806 2728 910 2792 Ἡλίου
933 2728 1019 2792 κατὰ
1042 2725 1149 2808 χθθνα.

353 2832 495 2918 Scriptor
518 2854 695 2918 anonymus
715 2832 945 2898 dissertationis
964 2833 1003 2897 de
1021 2832 1097 2898 Nilo
1116 2832 1209 2898 huius
1229 2835 1406 2900 sententiae
1425 2856 1498 2900 auc·

307 2945 407 3006 iorem
420 2939 518 3005 referi
530 2939 762 3024 Anaxagoram,
779 2941 942 3024 „dcccdccc
957 2939 989 3005 δὲ
1001 2940 1052 3003 καί
1066 2939 1229 3018 Εὐριπίδην
1250 2942 1314 3006 καί
1340 2938 1356 3005 ἕ
1364 2964 1449 3020 τερο
1459 2941 1498 3012 θς

307 3070 423 3117 τινας
447 3046 519 3110 τῶν
539 3046 883 3127 πραγῳδοποιῶν.”
904 3046 1086 3113 Herodolus
1107 3045 1164 3131 (ΙΙ.
1188 3047 1228 3111 19
1241 3048 1326 3134 sqq.)
1345 3052 1500 3113 narrasse

307 3153 348 3218 ab
367 3153 443 3238 ipsis
462 3152 632 3238 Aegyptiis
651 3151 733 3216 nihil
752 3153 791 3216 dc
811 3151 871 3217 hac
891 3173 925 3217 rc
943 3153 1106 3238 didicisse,
1124 3153 1178 3218 sod
1191 3175 1262 3218 cum
1275 3152 1341 3218 leni
1353 3154 1499 3220 irrisione

307 3260 426 3326 addens
460 3258 653 3324 Graecorum
685 3258 839 3344 quosdam
870 3258 1045 3344 sapienliae
1075 3259 1212 3344 gloriam
1244 3262 1408 3344 captantes
1440 3262 1500 3326 tri·

306 3365 404 3450 plices
428 3387 536 3431 causas
558 3364 734 3443 invenisse,
759 3365 842 3430 hanc
866 3386 991 3451 quoqne
1011 3365 1195 3451 opinionem
1215 3367 1385 3451 proponit,
1409 3368 1500 3433 cuius

306 3477 413 3536 tamen
447 3476 608 3537 auctorem
640 3470 805 3535 nominare
835 3471 1071 3556 praetermittit.
1104 3469 1223 3536 Seneca
1252 3474 1291 3537 de
1324 3473 1434 3538 eadem
1466 3495 1501 3539 re

307 3578 491 3664 qnaeslione
517 3579 666 3643 inslitn’ca
697 3577 836 3656 (Quacsl.
869 3581 937 3645 nal.
969 3576 1026 3642 IV.
1061 3578 1091 3655 2,
1125 3579 1165 3642 17
1191 3589 1273 3664 sqq.)
1301 3578 1342 3644 ab
1366 3578 1498 3645 Anaxa-

306 3705 404 3769 gorae
434 3684 593 3749 sententia
622 3683 777 3768 incipiens
810 3683 951 3768 subjicit:
990 3683 1042 3768 „in
1075 3686 1185 3749 eadem
1219 3685 1370 3770 opinione
1394 3687 1498 3752 omnis

306 3793 447 3856 vetustas
470 3788 541 3854 fuit.
565 3788 636 3855 Hoc
658 3788 850 3875 Aeschylus,
875 3789 1066 3875 Sophocles,
1090 3789 1257 3876 Euripides
1281 3791 1444 3857 lradunt”.

352 3897 429 3964 Loci
464 3896 633 3981 Aeschylci
667 3896 728 3962 hnc
767 3897 964 3982 pertinentes
1001 3901 1172 3982 supersunt
1207 3897 1251 3962 hi.
1288 3896 1399 3983 Suppl.
1432 3899 1497 3964 559

307 4001 474 4088 Aegyplus
504 4006 635 4068 vocatur
656 4005 804 4080 λειμὼν
828 4001 1116 4083 χιονθβοτιιος,
1141 4004 1176 4068 in
1199 4003 1239 4070 fr.
1266 4004 1331 4069 304
1357 4027 1376 4069 a
1399 4005 1500 4091 scrip·

307 4112 376 4173 lore
397 4109 472 4175 diss.
492 4109 531 4174 dc
554 4107 630 4174 Nilo
653 4113 777 4174 servaro
800 4109 879 4175 haec
901 4109 1070 4194 leguntur:

533 4215 703 4288 Λίθιοπίδος
727 4225 805 4295 γῆς,
830 4224 941 4288 Νεῖλος
965 4215 1022 4281 ἔνθ’
1047 4217 1208 4298 ίππθρροοι

536 4329 635 4401 γαῖαν
659 4321 790 4387 κυλίνδει
816 4323 1000 4400 πνευμοίτυν
1024 4323 1200 4408 θποροβρίρι,

534 4428 564 4493 ίν
587 4428 613 4493 δ’
638 4425 718 4504 ἥλιος
742 4428 881 4511 πυρυπδς
906 4429 1077 4510 ἐιιλοίροψοις
1101 4429 1186 4511 χθονί

535 4536 649 4611 τίνει
674 4537 876 4617 πετραίαν
903 4537 1040 4620 χιθνα·
