3418 5356
863 464 906 532 86

289 645 424 733 vigilum
454 647 593 714 nubibus
622 652 779 715 tectorum
811 649 918 716 omnia
948 671 1029 734 quae
1059 649 1094 714 in
1116 651 1201 714 tarra
1223 649 1306 714 fiunt
1327 647 1401 714 Jovi
1422 647 1476 714 in·

292 753 403 820 dicant
415 751 452 842 ¹).

335 862 456 928 Eisdem
478 863 531 927 via
553 864 693 948 pergunt
724 867 873 948 poetae
903 862 1048 948 lyrici;
1074 861 1128 927 sed
1153 860 1373 947 distinguendi
1396 863 1473 926 sunt

225 986 274 1037 oso
290 971 486 1058 antiquiores
508 971 542 1036 et
563 970 763 1037 recentiores.
787 970 840 1036 Ab
865 969 915 1037 Ol.
936 970 1060 1036 circiter
1079 970 1119 1036 31
1139 968 1254 1035 Graeci
1267 968 1477 1053 magisquam

290 1081 385 1144 antea
416 1075 569 1142 doctrinis
603 1076 759 1162 religiosis
791 1077 946 1162 rebusque
980 1075 1093 1141 ethicis
1126 1077 1251 1141 studere
1286 1077 1478 1161 coeperunt,

291 1183 379 1250 cuius
409 1183 456 1249 rei
476 1183 661 1248 testimonia
684 1186 776 1248 erant
800 1183 887 1250 varia
910 1183 1051 1249 carmina
1074 1182 1255 1269 theologica
1276 1182 1311 1247 in
1335 1180 1476 1247 Onoma-

291 1289 364 1355 criti
398 1289 507 1356 schola
541 1289 734 1375 composita,
765 1292 797 1355 et
827 1289 926 1374 lyrica
958 1289 1060 1354 multa
1091 1311 1171 1374 quae
1201 1290 1412 1355 versabantur
1442 1287 1479 1352 in

291 1397 467 1483 praeceptis
506 1396 678 1462 moralibus
713 1395 842 1461 edendis
876 1397 1063 1484 (gnomica).
1109 1395 1280 1481 Ingenium
1314 1414 1479 1478 moresque

290 1503 457 1568 hominum
479 1503 514 1568 in
537 1503 604 1568 dies
626 1502 827 1568 humanitate
850 1503 1108 1588 perpoliebantur
1129 1503 1286 1588 simulque
1308 1500 1477 1587 opiniones

290 1611 331 1675 de
353 1610 414 1674 diis
437 1609 698 1677 emendabantur.
722 1609 794 1675 Hoc
817 1612 960 1694 tempore
984 1609 1140 1676 vocabula
1163 1610 1178 1675 l
1201 1610 1264 1682 aa
1291 1613 1323 1674 et
1345 1608 1380 1672 τὸ
1406 1608 1480 1672 θεῖον

292 1716 438 1802 usurpari
468 1719 581 1801 coepta
604 1721 679 1782 sunt
700 1738 758 1801 pro
781 1716 841 1781 diis
868 1716 1037 1793 universis,
1061 1717 1152 1802 quasi
1175 1717 1211 1780 in
1233 1738 1334 1782 unum
1356 1736 1477 1779 numen

291 1844 402 1889 omnes
425 1822 703 1890 confunderentur.
734 1821 881 1888 Ceterum
905 1822 1002 1908 vulgo
1025 1821 1100 1888 Jovi
1122 1843 1245 1888 morum
1269 1842 1402 1887 censura
1426 1821 1477 1884 at-

291 1930 454 1995 tribuitur.
474 1928 537 1995 Hic
553 1930 662 1996 omnia
674 1932 805 2015 peccata
817 1929 923 1995 ulcisci
935 1930 1074 1995 creditur
1086 1952 1105 1995 a
1117 1927 1234 1995 Solone
1247 1928 1347 2015 (apud
1359 1925 1476 2012 Bergk.

291 2035 426 2102 Anthol.
459 2037 518 2123 lyr.
547 2038 598 2116 13,
627 2037 698 2123 17);
730 2035 937 2121 Bacchylides
968 2035 1046 2102 dicit
1068 2058 1140 2102 eum
1163 2036 1273 2101 omnia
1295 2033 1400 2099 videre
1420 2053 1481 2096 nec

292 2145 400 2210 tamen
424 2144 542 2208 doloris
566 2148 727 2210 auctorem
751 2164 835 2223 esse,
859 2164 969 2208 verum
988 2142 1147 2228 justitiam
1172 2141 1320 2208 omnibus
1342 2135 1481 2204 homini-

292 2249 351 2316 bus
371 2249 406 2314 in
425 2253 576 2335 promptu
596 2271 662 2315 esse
681 2250 780 2335 (apud
799 2248 916 2335 Bergk.
937 2248 975 2313 fr.
996 2249 1059 2314 inc.
1083 2250 1159 2335 29);
1180 2247 1388 2314 Archilochus
1408 2269 1482 2312 eum

290 2356 448 2443 justitiam
481 2356 735 2442 injustitiamque
768 2356 935 2422 hominum
971 2357 1138 2422 observare
1167 2355 1257 2442 (ibid.
1291 2355 1382 2440 epod.
1413 2355 1481 2441 88).

291 2461 373 2539 Quid
409 2462 495 2548 quod
529 2461 707 2529 Simonides
741 2461 825 2529 Cous
861 2463 910 2548 (in
945 2460 1094 2547 epinicio)
1129 2460 1267 2527 affirmat
1299 2460 1482 2526 hominibus

291 2568 512 2635 difficillimum
546 2592 612 2636 esse
641 2569 749 2656 probis
781 2569 868 2640 fieri:
899 2569 933 2634 in
960 2568 1122 2653 probitate
1144 2590 1272 2634 manere
1297 2571 1423 2647 autem,
1447 2567 1482 2631 id

291 2699 390 2762 quum
421 2676 593 2741 humanam
616 2677 767 2742 virtutem
791 2679 935 2760 superet,
958 2677 1001 2755 τῷ
1025 2677 1079 2756 θεῷ
1104 2678 1230 2740 tantum
1254 2676 1352 2740 tribui
1376 2697 1478 2760 posse.

291 2779 453 2868 Theognis
476 2803 543 2847 non
567 2783 674 2848 minus
696 2783 768 2867 pius
791 2783 932 2860 videtur,
955 2783 1008 2847 scd
1031 2782 1125 2848 rebus
1148 2782 1286 2848 adversis
1309 2782 1483 2846 malorum-

291 2911 352 2974 que
382 2889 437 2974 (an
461 2889 664 2974 popularium
673 2891 699 2968 t)
722 2887 874 2953 felicitate
897 2888 1102 2954 exacerbatus
1126 2889 1298 2974 aliquando
1322 2889 1482 2973 querimo-

292 2995 355 3060 niis
390 2998 423 3060 et
456 2995 709 3061 accusationibus
743 2994 834 3061 Joris
867 2995 1033 3082 indulget,
1066 2996 1121 3081 qui
1155 2996 1300 3081 quamvis
1338 2997 1482 3061 omnium

291 3101 458 3168 hominum
482 3102 609 3168 ‘animos
632 3106 811 3188 perspectos
834 3101 968 3182 habeat,
993 3105 1101 3168 tamen
1124 3103 1242 3188 probos
1265 3107 1298 3168 et
1319 3103 1482 3189 improbos

291 3211 400 3275 eadem
435 3210 520 3274 sorte
555 3208 671 3274 afficiat
705 3208 805 3293 (apud
834 3207 872 3273 B.
903 3231 949 3274 vs.
982 3209 1047 3274 373
1078 3207 1172 3295 sqq).
1207 3208 1319 3294 Neque
1351 3208 1483 3274 Pindari

291 3314 463 3401 praeterire
485 3337 613 3401 possum
636 3315 829 3380 sententiam
851 3315 1013 3401 insignem
1036 3316 1075 3381 dc
1095 3318 1226 3382 deorum
1247 3318 1382 3394 natura,
1402 3337 1484 3401 quae

292 3421 372 3488 mihi
393 3421 513 3507 optime
535 3422 721 3507 opinionem
743 3421 931 3507 popularem
951 3423 1126 3508 exprimere
1144 3422 1278 3488 videtur.
1304 3421 1394 3488 Idem
1406 3421 1484 3488 dicit

293 3549 361 3595 esse
393 3529 525 3594 deorum
555 3528 786 3615 hominumque
809 3550 912 3615 genus
934 3532 1107 3616 eademque
1129 3529 1254 3616 origine
1277 3531 1402 3613 ortum,
1428 3529 1484 3596 sed

291 3635 374 3702 vires
396 3637 463 3699 tam
486 3634 625 3702 diversas
648 3657 714 3702 esse
737 3637 775 3700 ut
796 3635 832 3700 bi
855 3635 984 3721 fragiles
1007 3640 1104 3721 atque
1126 3637 1205 3702 adeo
1228 3636 1309 3702 nulli
1331 3636 1413 3714 sint,
1433 3635 1483 3700 illi

292 3763 366 3808 vero
388 3741 473 3806 firmi
497 3746 594 3827 atque
611 3743 813 3828 sempiterni;
838 3745 1071 3827 quodammodo
1090 3747 1198 3810 tamen
1214 3742 1254 3810 iis
1272 3743 1480 3829 comparandi

293 3871 401 3916 sumus
423 3849 489 3915 sive
513 3834 652 3916 mentem
675 3850 741 3917 sive
764 3849 901 3936 liguram
923 3853 1063 3937 spectes,
1088 3871 1281 3936 quamquam
1293 3850 1480 3936 ignoramus

292 3978 387 4042 quem
417 3955 453 4021 in
481 3958 601 4022 statum
629 3977 689 4022 nos
712 3957 844 4023 fortuna
866 3957 962 4023 ducat
985 3956 1091 4043 (Nem.
1116 3957 1174 4024 Vl.
1203 3956 1316 4040 1-9).
1342 3955 1483 4022 Deorum

291 4062 426 4129 virtutes
456 4084 582 4149 quoque
612 4062 791 4148 praedicat,
821 4086 874 4130 eos
898 4085 972 4130 vero
994 4063 1158 4150 increpare
1182 4066 1258 4129 ante
1281 4063 1390 4130 omnia
1414 4085 1483 4130 me·

293 4168 373 4247 tuit,
397 4191 528 4254 pravam
552 4190 621 4235 eam
641 4168 790 4254 judicans
811 4170 1002 4258 sapientiam
1027 4170 1092 4256 (Ol.
1116 4166 1174 4237 IX.
1206 4169 1248 4236 37
1272 4171 1346 4260 sq).

338 4276 488 4342 Potentia
517 4276 626 4342 divina
656 4298 674 4340 a
697 4275 799 4360 poetis
821 4276 928 4362 lyricis
950 4277 1099 4342 omnibus
1122 4276 1377 4363 frequentissime
1399 4276 1483 4342 cele·

328 4619 353 4681 1)
371 4620 412 4670 Va.
430 4621 478 4672 lea
495 4637 547 4687 sqq.
563 4622 589 4672 id
605 4637 690 4674 munus
706 4621 787 4689 generi
803 4637 875 4674 aureo
891 4622 1006 4675 exstincto
1023 4619 1163 4676 mandatnm
1182 4637 1231 4675 asae
1251 4619 1316 4676 dicit.
