3408 5360
908 495 950 560 22

332 689 369 750 ut
393 683 455 750 sibi
484 682 682 766 disciplinam
708 683 907 745 constantem
932 679 1110 764 excogitare
1130 681 1164 744 et
1185 679 1356 744 terminare
1380 679 1521 755 valeant,

333 814 414 876 quae
443 794 529 855 reete
560 787 688 853 vivendi
720 787 804 850 viam
835 789 1001 851 monstret.
1027 786 1175 870 Plerique
1199 785 1254 850 vix
1277 785 1523 870 progrediuntur

333 900 417 964 ultra
450 919 554 961 rerum
590 895 780 958 traditarum
816 893 1101 978 improbationem,
1133 913 1243 957 verum
1273 893 1386 976 leviter
1411 892 1522 976 ubique

333 1007 536 1090 quaerenteS,
561 1001 731 1084 omniaque
756 999 950 1078 delibantes,
974 1021 1033 1065 nec
1057 1003 1164 1064 tamen
1184 999 1378 1084 reperientes
1396 1000 1429 1063 id
1442 999 1523 1084 quod

333 1111 466 1187 volunt,
489 1108 650 1172 fluctuant
671 1106 757 1170 inter
781 1105 921 1188 diversa,
946 1109 1043 1191 prout
1066 1105 1177 1190 quovis
1197 1105 1296 1169 animi
1316 1109 1371 1170 aut
1387 1103 1523 1188 corporis

333 1217 448 1281 affectu
479 1215 646 1299 agitantur
659 1211 694 1296 1).
738 1212 834 1278 Hisce
866 1216 972 1277 autem
1003 1215 1097 1298 poeta
1127 1215 1236 1276 noster
1268 1211 1347 1276 mihi
1381 1212 1523 1276 adnume-

333 1322 451 1387 randus
474 1320 610 1386 videtur.
770 1314 774 1321 ’

378 1428 487 1495 Nolite
523 1429 628 1491 autem
648 1431 761 1511 putare
786 1449 836 1491 me
861 1426 1007 1492 homines
1027 1429 1124 1512 prout
1143 1429 1247 1510 agunt
1265 1430 1298 1491 et
1325 1427 1470 1491 sentiunt
1491 1427 1524 1491 in

334 1557 479 1621 expresse
512 1534 686 1617 descriptas
717 1535 825 1617 partes
849 1533 1037 1597 distribuere
1060 1533 1155 1610 valle3
1183 1532 1264 1598 nihil
1288 1534 1455 1616 tantopere
1477 1553 1525 1596 re-

333 1644 459 1726 pugnat
479 1642 583 1704 certae
608 1638 807 1703 distinctioni
829 1660 925 1722 quam
937 1641 1060 1703 mentes
1072 1639 1249 1716 humanae,
1263 1660 1396 1722 quarum
1409 1638 1525 1703 multae

334 1769 350 1812 e
375 1744 594 1811 diversissimis
618 1748 693 1809 sunt
716 1744 909 1828 compositae
932 1745 1116 1828 principiis;
1141 1781 1180 1793 -
1208 1745 1283 1809 licet
1305 1749 1414 1809 tamen
1430 1765 1525 1829 gene·

333 1854 429 1918 ratim
454 1852 587 1916 definire
610 1872 672 1936 quo
697 1873 729 1916 se
753 1873 896 1935 quaeque
919 1851 1056 1915 maxime
1079 1851 1245 1916 inclinent.
1487 1831 1493 1844 ¹

380 1959 448 2035 Qua
472 1961 576 2023 aetate
598 1956 768 2042 Euripides
788 1978 916 2040 operam
940 1959 1015 2022 dare
1040 1958 1178 2042 cooperit
1202 1961 1239 2021 nt
1262 1979 1368 2022 rerum
1393 1977 1527 2042 eognos-

334 2071 419 2131 ceret
450 2086 580 2142 causas,
613 2084 716 2147 quove
748 2064 840 2128 modo
865 2063 942 2128 haec
965 2064 1070 2128 studia
1094 2063 1286 2128 cohaereant
1309 2085 1380 2128 cum
1399 2064 1528 2127 deorum

334 2171 536 2256 popularium
568 2168 821 2254 vituperatione,
855 2170 980 2234 decerni
1012 2170 1134 2254 nequit.
1167 2168 1238 2234 Hoc
1262 2172 1367 2234 autem
1387 2170 1529 2254 suspicor

314 2299 418 2356 aum,
437 2298 508 2341 oum
533 2275 730 2360 aliquamdiu
753 2275 894 2340 scientiis
918 2276 1014 2340 variis
1037 2274 1210 2340 studuisset
1233 2279 1266 2339 et
1286 2277 1438 2368 quasdam
1458 2298 1529 2361 cog·

333 2384 475 2448 novisset
496 2383 682 2467 disciplinas
704 2382 958 2467 philosophicas,
983 2382 1138 2467 paulatim
1163 2381 1286 2447 fabulas
1298 2383 1529 2468 mythologicas

333 2490 514 2574 improbare
545 2493 577 2553 et
607 2510 755 2573 spernere
788 2489 945 2572 coepisse,
970 2491 1038 2552 tum
1058 2490 1094 2552 in
1117 2489 1183 2553 dias
1206 2489 1308 2574 magis
1331 2490 1366 2552 in
1386 2489 1529 2573 philoso-

333 2594 443 2680 phiam
474 2595 665 2660 incubuisse.
700 2594 791 2659 'func
824 2595 909 2660 enim
941 2595 1142 2679 quaestiones
1174 2595 1290 2660 multas
1323 2599 1355 2659 et
1378 2617 1477 2660 novas
1500 2597 1530 2660 ei

335 2704 411 2766 ante
442 2702 550 2766 oculos
582 2701 766 2765 obversatus
797 2701 894 2765 fuisse
919 2721 1046 2764 necesse
1066 2704 1130 2779 est;
1164 2723 1223 2766 nec
1248 2703 1424 2767 caseolum
1449 2724 1531 2786 quae

335 2811 411 2872 sunt
443 2809 481 2872 de
512 2809 627 2870 natura
658 2806 797 2870 deorum.
833 2806 922 2871 Licet
945 2806 1029 2870 enim
1054 2806 1166 2891 religio
1191 2806 1311 2872 Graeca
1333 2830 1417 2884 nou,
1442 2809 1533 2873 velut

336 2911 538 2990 Christiana,
571 2916 712 2998 exponat
741 2934 804 2997 quo
833 2913 946 2977 tendat
969 2914 1035 2978 rita
1058 2913 1216 3008 humana,
1240 2935 1303 2998 quo
1329 2916 1423 2979 modo
1445 2919 1532 2981 recto

335 3020 377 3084 sit
413 3019 582 3084 vivendum
617 3022 688 3097 eto,
724 3022 833 3083 tamen
864 3020 966 3084 multe
998 3042 1079 3104 quae
1114 3021 1154 3084 ad
1183 3043 1287 3085 rerum
1318 3021 1531 3087 humanarum

336 3147 461 3191 cursum
484 3126 647 3210 pertinent
666 3126 794 3211 justitia
817 3125 921 3210 gratia
944 3127 1050 3190 studio
1070 3127 1118 3191 ira
1135 3127 1534 3212 deorumerplicabantur.

336 3231 427 3309 Quod
461 3252 535 3296 oum
569 3231 696 3296 irritum
729 3231 888 3297 rideretur
923 3233 1049 3298 enimus
1076 3233 1253 3317 jandudum
1288 3235 1430 3300 curiosus
1462 3257 1532 3300 non

336 3340 462 3422 poterat
488 3337 568 3422 quin
592 3337 688 3402 etiam
712 3337 932 3403 vehementius
956 3338 1174 3403 stimularetur
1198 3343 1235 3404 ut
1258 3340 1400 3404 omniurn
1425 3362 1534 3406 rerum

338 3465 447 3510 causas
471 3444 642 3510 efficientes
665 3445 885 3529 investigaret.

383 3550 455 3634 Sed,
476 3552 514 3614 ut
537 3551 613 3629 dixi,
627 3555 757 3636 propter
774 3555 954 3636 temporum
965 3551 1200 3636 ignorationem
1212 3554 1535 3639 testimoniorumque

337 3658 478 3742 inopiam
511 3679 578 3722 non
608 3661 778 3724 decernere
806 3680 973 3744 possumus
997 3662 1154 3742 quomodo
1179 3659 1346 3744 colligatae
1370 3662 1436 3726 sint
1457 3661 1536 3727 illae

312 3763 550 3848 'cogitationes
572 3785 643 3828 eum
670 3769 911 3850 praeceptorum
934 3765 1147 3830 institutione.
1169 3765 1272 3842 Quare
1290 3771 1536 3851 paucatantum

339 3869 376 3934 de
408 3869 457 3934 his
482 3871 696 3954 suppleamus.
721 3871 837 3936 Procul
865 3871 961 3935 dubio
985 3871 1144 3957 sophistas
1167 3872 1290 3936 audivit
1310 3876 1342 3938 et
1363 3873 1399 3937 in
1423 3895 1537 3939 eorum

338 3975 453 4040 scholis
478 3977 590 4040 studiis
614 3977 781 4042 rhetoricis
805 3977 913 4044 sedulo
938 3977 1072 4044 vacavit.
1094 3977 1286 4062 Protagoras
1305 3978 1340 4042 in
1357 3979 1424 4045 eius
1437 3981 1538 4045 domo

338 4080 567 4146 librum'sunm
588 4083 626 4146 de
646 4082 705 4147 diis
725 4083 873 4148 recitasse
893 4082 993 4147 fertur
1000 4104 1007 4162 ;
1029 4084 1133 4168 ipsum
1146 4083 1362 4170 narratDiog.
1379 4085 1414 4150 L.
1429 4085 1475 4172 (H
1502 4086 1537 4165 5,

340 4187 396 4273 22)
416 4187 574 4254 Heracliti
597 4188 714 4253 librum
739 4189 805 4269 περὶ
830 4188 954 4271 Φύσεως
978 4190 1149 4274 aliquando
1163 4187 1285 4256 Socrati
1298 4196 1537 4272 commodasse,

338 4315 401 4379 quo
424 4292 627 4360 familiariter
653 4318 726 4361 usus
748 4295 846 4361 fuisse
868 4298 1004 4363 ridetur.

341 4469 519 4479 Ἃ...-

372 4549 399 4615 1)
417 4549 524 4600 Observa
547 4554 694 4617 quantopere
716 4551 759 4600 illa
781 4558 888 4617 tempore
910 4552 1000 4603 similia
1022 4553 1070 4602 sint
1085 4553 1140 4603 huic
1157 4556 1253 4603 nostrae
1270 4556 1356 4617 aetati,
1374 4557 1400 4606 in
1416 4572 1465 4621 que
1480 4557 1540 4606 sine

337 4631 475 4683 difficultate
492 4634 588 4685 eaedem
604 4634 654 4684 iere
670 4634 790 4696 rationes,
808 4635 890 4699 quales
907 4633 1059 4695 adumbravi,
1077 4635 1142 4685 cerni
1158 4644 1264 4702 possunt.
