3418 5356
755 480 797 549 65

180 669 308 756 senarii,
334 668 390 755 qui
413 667 511 752 volgo
535 666 704 732 adrerum
727 669 875 731 naturam
897 667 1087 732 referuntur.
1107 666 1273 733 Vitruvius
1294 665 1367 754 (IX,

183 777 271 859 lae)
295 775 333 840 de
356 773 422 839 sole
445 772 612 858 disputans
635 772 796 857 Euripidis
818 772 930 838 laudat
950 771 1036 838 huno
1059 795 1122 840 va:

383 881 462 946 saise
487 879 530 944 rei
554 879 668 963 πόρρω,
691 880 851 957 τάγγύθεν
876 879 903 942 δ’
919 879 1045 958 adspar’
1068 877 1154 959 ἔχει,

179 989 229 1056 eui
260 986 432 1052 admodum
463 984 671 1070 probabiliter
693 1007 713 1048 a
735 983 888 1050 Barnasio
911 985 1128 1071 praemittitur
1150 985 1202 1052 hie
1225 985 1367 1052 senarius

180 1093 358 1162 aStobaeo
381 1095 526 1158 servatus
551 1089 632 1176 (hel.
657 1090 682 1157 Ι.
709 1091 796 1170 25,3.
820 1112 874 1177 pg.
900 1092 998 1179 540):

277 1201 369 1280 θεθμῆ
394 1199 420 1264 δ’
444 1196 577 1270 ἄνακτος
602 1194 687 1276 Ost?
711 1196 940 1276 ὑπερτέλλννσνν
962 1207 1023 1276 γῆς
1048 1198 1126 1285 (vid.
1149 1197 1188 1262 fr.
1217 1197 1305 1284 776).

181 1305 428 1376 Valckenaerins
453 1307 520 1390 (pg.
548 1305 603 1390 33)
626 1307 764 1368 annotat
782 1325 854 1369 eum
876 1304 937 1370 hoo
956 1304 1159 1390 paradoxon:
1179 1304 1254 1369 solis
1274 1325 1369 1389 snpra

180 1419 296 1480 terram
319 1411 474 1478 orientem
498 1407 660 1474 flammam
687 1409 832 1494 regiones
854 1410 1015 1495 longiores
1038 1432 1146 1487 urere,
1167 1409 1369 1495 propioribus

181 1541 255 1587 vero
277 1523 455 1603 temperare
479 1553 516 1566 -
538 1515 672 1580 fortasse
691 1515 726 1579 in
746 1515 854 1580 sehola
872 1514 1083 1601 Anaxagorae
1094 1516 1248 1581 didioisse.
1262 1514 1371 1581 hieeat

181 1625 260 1692 mihi
289 1624 447 1690 diversam
481 1643 640 1707 exponere
671 1621 874 1707 opinionem,
906 1644 986 1708 quae
1009 1623 1117 1687 statim
1140 1622 1260 1708 legenti
1284 1621 1370 1688 ultro

182 1755 214 1800 se
237 1731 365 1798 obtulit

225 1839 258 1906 Si
289 1837 499 1922 Anaxagoras
526 1837 594 1922 jam
621 1836 705 1900 idem
729 1835 904 1923 docuisset,
928 1836 1097 1902 verisimile
1120 1838 1169 1900 est
1191 1834 1252 1901 hoo
1276 1835 1369 1902 nobis

181 1945 388 2032 posteriorum
414 1941 550 2028 aliquem
574 1941 768 2006 traditurum
791 1941 906 2027 fuisse,
933 1979 973 1992 -
995 1941 1161 2007 Vitruvius
1178 1940 1247 2026 ipse
1266 1941 1369 2027 negli-

182 2073 254 2138 gere
277 2050 332 2116 vix
354 2049 528 2135 potuisset,
551 2086 592 2098 -
613 2068 651 2112 eo
671 2048 790 2132 magis,
811 2049 896 2134 quod
915 2051 1071 2134 qnantum
1092 2068 1151 2133 ego
1171 2048 1253 2125 seio,
1275 2069 1369 2113 namo

183 2161 265 2224 oerte
293 2155 551 2222 antecedentium
574 2158 607 2218 et
630 2154 830 2239 aequalium,
853 2154 951 2218 immo
975 2175 1015 2218 ne
1038 2153 1273 2218 suooedentium
1297 2154 1369 2239 qni-

183 2264 252 2330 dem
288 2261 552 2349 philosophorum
587 2260 689 2325 simile
723 2261 799 2346 quid
834 2260 1042 2345 evulgaverit
1082 2258 1200 2325 Scribit
1235 2258 1369 2326 valon:

184 2369 322 2436 »Versus
345 2371 506 2454 superstes
527 2374 655 2453 poetam
679 2364 904 2452 philosophum
929 2369 1087 2431 monstrat
1108 2366 1144 2430 in
1162 2366 1257 2432 rebus
1275 2369 1369 2432 natu-

182 2497 234 2540 rae
266 2479 303 2540 ut
334 2479 426 2541 arant
448 2477 517 2538 tum
541 2477 686 2558 tempora
708 2473 785 2538 satis
807 2473 1046 2537 exereitatum”.
1082 2471 1153 2558 Elgo
1175 2493 1251 2539 rere
1273 2472 1369 2540 rehe-

183 2585 305 2648 menter
338 2581 451 2646 dubito
481 2580 569 2645 istud
600 2582 717 2663 dogma
745 2600 817 2645 rere
846 2579 1030 2663 paradoxon
1064 2578 1162 2645 veluti
1191 2580 1369 2646 naturalem

182 2687 283 2774 legem
306 2709 344 2752 eo
366 2691 509 2771 tempore
531 2686 669 2772 positum
694 2707 770 2750 esse.

224 2793 264 2860 In
287 2797 428 2860 mentem
451 2792 531 2857 mihi
553 2792 643 2858 venit
665 2791 886 2877 interpretatio
910 2791 1062 2857 humilior
1084 2796 1117 2858 et
1140 2792 1312 2878 vulgatior.

224 2900 360 2968 Neoesse
382 2899 446 2964 fuit
467 2919 575 2985 regem
599 2899 764 2984 Meropem
787 2899 932 2984 proxime
955 2899 1046 2965 aedes
1069 2899 1191 2965 Phoebi
1214 2898 1369 2970 habitare.

179 3009 321 3075 Primum
344 3007 429 3073 enim
453 3027 503 3071 res
526 3006 561 3070 in
583 3005 755 3090 Aethiopia
778 3005 961 3090 gerebatur;
988 3006 1102 3071 deinde
1127 3005 1266 3092 hleropis
1290 3029 1369 3074 uxor

179 3113 333 3200 Clymene
356 3112 485 3178 Phoebo
508 3115 675 3198 pepererat
697 3111 798 3177 filium
823 3110 1082 3191 Phaethontem,
1108 3112 1159 3177 oui
1182 3113 1267 3177 inter
1290 3113 1368 3180 duas

179 3221 291 3286 domus
333 3225 482 3306 paternas
517 3217 611 3284 faoile
647 3217 804 3302 breveque
838 3218 1059 3284 oommereium
1101 3221 1212 3303 patere
1247 3218 1367 3288 debuit

180 3329 301 3394 'Parnes
332 3325 492 3412 praestitit
530 3323 702 3409 producere
736 3323 899 3408 regionem
935 3329 1110 3409 temperato
1143 3324 1230 3390 ooelo
1264 3346 1371 3391 amoe-

180 3456 272 3510 nam,
297 3431 504 3517 hominesque
527 3429 657 3497 Graecis
680 3429 815 3508 similes,
840 3451 897 3495 neo
922 3431 1075 3496 barbaros
1098 3431 1173 3496 solis
1197 3433 1371 3518 propinqui

181 3543 255 3626 igne
278 3541 312 3604 in
337 3540 430 3625 nigra
451 3560 584 3623 eorpora
607 3535 759 3623 tostos1),
783 3557 862 3622 qnos
886 3536 970 3604 eires
989 3536 1219 3616 Athenienses,
1238 3539 1372 3625 opinor,

181 3647 215 3712 in
246 3669 342 3712 seena
377 3665 443 3710 non
474 3644 632 3710 tulissent.
664 3641 750 3709 Sieui
786 3648 916 3709 naturae
940 3643 1035 3708 nimis
1058 3664 1237 3730 repugnare
1260 3644 1372 3710 siden-

182 3759 234 3818 tur
266 3752 442 3836 Aethiopes
473 3749 617 3827 eandidi,
649 3749 677 3813 is
705 3749 847 3834 poetioae
876 3749 1034 3814 libertatis
1066 3751 1221 3815 rationem
1246 3749 1372 3819 habeat.

180 3857 285 3930 Ἥλιος
310 3862 413 3936 πατὴρ
439 3858 571 3922 omnino
592 3855 700 3940 prodit
720 3857 798 3921 deus
816 3856 1056 3940 potentissimus
1074 3856 1243 3942 imperium
1261 3860 1374 3924 tenens

182 3965 296 4030 eoloris
329 3964 458 4046 solaris,
492 3963 542 4029 oni
573 3983 630 4027 sno
661 3962 795 4027 arbitrio
826 3961 965 4028 habenas
995 3964 1166 4029 immittere
1197 3965 1230 4028 et
1252 3967 1374 4050 tempe·

182 4093 252 4136 rare
277 4070 386 4156 possit.
419 4067 472 4135 Sio
503 4068 633 4154 roganti
657 4067 868 4144 Phaethonti,
897 4090 939 4133 an
963 4069 1131 4136 ineolumis
1155 4068 1220 4134 eius
1243 4070 1374 4137 domum

182 4177 303 4242 intrare
336 4177 455 4262 possit,
490 4179 593 4240 mater
627 4176 817 4260 respondet:
852 4172 907 4239 illa
936 4175 1063 4241 oarebit
1093 4197 1134 4240 ne
1163 4175 1289 4262 eorpori
1317 4180 1375 4242 tuo

182 4285 315 4350 noceat:

281 4390 365 4468 salso
388 4387 518 4466 μελήσει
542 4393 635 4465 σῶμα
659 4389 703 4465 μὴ
727 4385 886 4465 βλάπτειν
911 4385 946 4451 rb
970 4387 1022 4454 σόν
1045 4385 1098 4474 (fr.
1123 4386 1198 4465 775,
1223 4409 1253 4454 r.
1279 4389 1324 4476 6).

219 4623 247 4682 1)
263 4621 440 4674 Observandum
456 4627 492 4674 ast
507 4624 532 4674 in
548 4624 577 4674 tr.
594 4623 641 4678 771
658 4624 709 4676 eius
726 4621 1166 4692 regionissioinos(yslmac)rooari
1175 4623 1377 4684 panppptrovr.

1243 4723 1257 4770 b
