3418 5356
781 443 825 516 ib

77 665 81 680 ·
207 628 328 695 medius
356 630 469 695 sedens
501 627 664 728 rotatione
689 631 793 695 totum
818 629 974 694 mundum
998 628 1171 696 continere.
1192 629 1264 696 Etsi
1287 633 1394 698 autem

207 733 415 821 Anaxagoras
446 733 556 799 docuit
583 736 723 800 mentem
755 757 822 800 esse
853 735 918 800 vim
949 735 1137 801 effectricem
1167 739 1201 801 et
1230 737 1395 803 metricam

208 863 278 928 per
304 841 527 908 universas
558 862 620 906 res
651 840 804 920 fusam,
834 841 1088 927 posterioresque
1111 843 1238 907 demum
1260 842 1290 908 ei
1313 843 1396 908 divi·

208 947 341 1014 nitatem
373 946 572 1030 tribuerunt,
604 948 714 1011 tamen
743 967 808 1011 non
832 947 1015 1032 negaverim
1038 967 1096 1032 pro
1119 946 1243 1012 ratione
1266 968 1396 1034 poeseos

207 1053 287 1120 illud
321 1053 481 1120 canticum
517 1053 622 1137 aptari
653 1073 744 1138 posse
775 1055 816 1117 ad
846 1051 1058 1138 Anaxagoran
1090 1053 1129 1117 de
1159 1057 1266 1118 mente
1297 1052 1396 1138 deque

209 1161 409 1242 προχωρήσει
432 1158 561 1244 placita.
584 1156 696 1243 Neque
719 1156 783 1225 huc
801 1159 887 1224 locos
907 1158 1037 1224 afferam
1059 1159 1258 1226 declarantes
1276 1159 1397 1245 priores

209 1288 334 1352 quoque
354 1263 561 1351 philosophos
581 1268 702 1329 motum
719 1271 881 1331 rotantem
902 1265 1062 1348 docuisse;
1082 1286 1176 1330 nemo
1195 1265 1280 1330 enim
1300 1264 1397 1330 eide-

209 1373 299 1439 derat
320 1378 481 1438 auctorem
501 1371 679 1450 conscium,
694 1373 899 1455 prudentem,
913 1371 1070 1436 divinum.
1094 1369 1156 1437 Sed
1168 1371 1231 1436 alia
1243 1375 1397 1437 estcausa

209 1501 265 1544 cur
288 1499 402 1563 purum
427 1476 532 1542 valeat
553 1478 701 1541 adversus
725 1499 827 1542 meam
850 1477 1035 1562 opinionem
1061 1477 1277 1562 fragmentum
1301 1499 1398 1560 supra

209 1586 361 1662 allatum
383 1604 497 1667 nempe
520 1583 638 1647 citatur
661 1583 695 1647 id
717 1605 735 1648 e
757 1583 924 1668 tragoedia
947 1583 1112 1661 Pirithoo,
1135 1603 1230 1667 quam
1254 1583 1296 1647 ab
1319 1582 1398 1648 Eur.

209 1692 453 1777 abjudicandam
477 1711 543 1754 esse
566 1689 620 1754 rix
640 1688 716 1754 licet
733 1689 894 1766 dubitem
919 1711 992 1755 cum
1012 1688 1148 1776 Sisypho
1169 1689 1316 1754 animab
1338 1712 1398 1754 an-

209 1797 306 1884 tiquis
328 1795 445 1863 criticis
468 1793 586 1862 Critiae
608 1796 670 1862 fuit
692 1796 838 1882 ascripta.
865 1797 963 1881 Apud
975 1796 1095 1862 Athen.
1116 1794 1173 1860 XI.
1193 1795 1285 1860 4961>
1304 1794 1399 1861 dubi·

208 1908 297 1970 tatnr
307 1904 321 1968 t
333 1902 385 1969 τὸν
397 1903 543 1983 Πειρίθοον
555 1901 687 1984 γράψας
699 1901 898 1982 cirritaniae
911 1902 995 1968 ἐστὶν
1007 1903 1021 1970 t
1033 1905 1175 1983 τύραννος
1190 1901 1206 1978 ἢ
1219 1901 1398 1986 Εὐριπίδης,

210 2015 242 2077 et
263 2013 435 2077 secuudum
458 2009 558 2074 ritum
582 2008 597 2072 1
619 2011 717 2093 (apud
739 2007 837 2076 Dind
862 2030 916 2095 pg.
944 2011 1013 2090 17):
1035 2011 1076 2076 rat
1096 2008 1203 2074 rotare
1223 2007 1248 2073 δ’
1261 2002 1294 2080 ἦν
1315 2009 1399 2087 αὐτῷ

210 2117 358 2197 δράματα
379 2115 463 2201 ῼβ’,
483 2115 613 2197 σώζεται
634 2115 666 2180 δὲ
685 2117 739 2188 ου’.
758 2116 871 2181 τούτων
884 2117 1037 2182 νοθεύεται
1061 2118 1149 2196 τρία,
1174 2115 1308 2198 Tarans,
1326 2117 1400 2180 'Pa-

210 2224 385 2302 tutamine,
406 2224 518 2302 uste!
526 2224 612 2293 toas
627 2229 662 2301 ¹).
679 2220 728 2286 De
739 2244 848 2308 quare
861 2222 1011 2290 Welolrer
1023 2221 1080 2308 (Π.
1095 2242 1148 2307 pg.
1165 2222 1285 2300 1008„
1299 2219 1399 2286 »Mun

209 2328 291 2396 sieht
313 2330 473 2407 deutlich,
496 2329 572 2395 dasa
595 2328 652 2394 der
673 2328 868 2408 Peirithoos,
893 2329 950 2394 der
972 2349 1035 2394 von
1055 2327 1293 2394 Kennerndem
1305 2325 1398 2392 Euri·

208 2437 297 2523 pides
327 2435 585 2522 abgesproehen,
615 2434 687 2500 dem
718 2432 834 2501 Critias
862 2456 925 2501 ron
956 2435 1147 2514 denselben‚
1175 2434 1262 2518 deun
1286 2431 1402 2500 darauf

213 2540 335 2610 benieht
356 2542 422 2608 sich
447 2542 651 2628 Athenaeus,
681 2541 841 2627 beigelegt
864 2544 988 2619 wurde;
1014 2543 1082 2606 und
1106 2544 1181 2607 dass
1203 2541 1320 2607 ebenso
1342 2540 1399 2606 der

210 2647 364 2736 Sisyphus
385 2649 422 2714 in
445 2649 496 2714 die
514 2647 705 2733 Sammlung
724 2647 779 2713 der
796 2646 1060 2733 Euripideischen
1079 2647 1197 2715 seuere
1208 2646 1398 2733 uuigeuom·

210 2778 283 2822 men
306 2776 388 2835 war;
416 2756 466 2820 die
489 2754 756 2821 Verwandsohuft
779 2755 835 2821 des
859 2753 982 2822 Geistes
1005 2755 1072 2821 und
1095 2755 1150 2822 des
1171 2753 1249 2822 Stils
1273 2751 1400 2820 mochte

210 2863 289 2928 dnzu
310 2862 432 2927 Anlasa
455 2861 600 2946 gegeben
623 2860 762 2929 haben.”

255 2968 342 3046 Quae
361 2973 466 3033 autem
485 2966 646 3033 veteribus
665 2967 783 3034 criticis
803 2968 973 3034 subditicia
992 2972 1069 3034 sunt
1090 2969 1171 3046 risa,
1184 2990 1283 3054 quum
1296 2968 1400 3034 adhuc

211 3076 312 3140 multa
350 3095 417 3140 non
446 3077 592 3159 suspecta
619 3073 779 3140 ferrentur
808 3096 889 3160 quae
917 3081 1029 3161 postea
1060 3075 1168 3160 spuria
1198 3097 1264 3140 esse
1299 3096 1399 3160 appa-

211 3181 289 3264 ruit,
316 3202 352 3246 ea
371 3180 482 3266 procul
506 3179 603 3244 dubio
626 3180 796 3246 subditieia
819 3186 904 3246 sunt
930 3180 1219 3258 Valckenaerium,
1239 3181 1295 3265 qni
1315 3179 1399 3246 mul·

211 3290 262 3352 tus
292 3291 341 3352 est
372 3287 438 3371 (pg.
475 3287 517 3352 88
548 3288 633 3371 sqq.)
663 3286 698 3351 in
721 3287 971 3354 demonstrando
996 3287 1122 3352 cantico
1144 3287 1200 3350 illo
1224 3284 1399 3370 significari

212 3395 348 3459 mentem
379 3394 625 3478 Anaxagoream
653 3394 766 3458 mundi
789 3393 1049 3473 aedificatricem,
1074 3393 1301 3459 annotationes
1325 3391 1399 3458 illae

212 3498 381 3565 manifesto
415 3499 578 3584 fugerunt.
617 3495 771 3584 Cognitas
802 3499 886 3565 enim
918 3499 1062 3586 proiecto
1091 3499 1231 3564 refutare
1263 3501 1398 3564 conatus

214 3611 303 3684 meet,
329 3627 431 3691 neque
454 3604 633 3671 Pirithoum
652 3606 1021 3672 numerassetiniubulis
1041 3627 1121 3672 non
1144 3605 1400 3671 dubitanter

214 3731 424 3796 genuinis.

258 3817 355 3884 Nulla
378 3821 428 3884 est
449 3817 549 3904 igitur
571 3817 664 3884 istius
686 3817 825 3885 Pirithoi
846 3818 1020 3905 fragmenti
1043 3818 1228 3886 auctoritas.

258 3923 386 3990 Etenim
419 3945 499 4010 rogo
530 3947 608 3990 num
638 3924 681 3989 sit
707 3924 875 3991 verisimile
896 3932 1045 4011 poetam,
1068 3926 1095 3992 si
1118 3947 1228 3992 revera
1249 3923 1398 3991 doctrina

212 4030 423 4116 praeceptoris
446 4029 574 4115 penitus
597 4035 680 4095 esset
702 4031 863 4110 imbutus,
886 4035 936 4098 tot
957 4030 1054 4111 loeis,
1077 4031 1193 4118 quibus
1216 4035 1255 4096 de
1278 4031 1399 4096 mundo

214 4140 369 4222 exponat,
400 4137 516 4202 mentis
539 4136 661 4203 nullam
685 4138 881 4203 mentionem
904 4137 1084 4218 facturum,
1108 4159 1217 4205 rerum
1242 4157 1400 4202 summam

212 4241 412 4309 divinitatem
434 4241 556 4308 aetheri
578 4243 765 4330 plerumque
788 4244 984 4312 tributurum
1007 4244 1104 4312 fuisse
1117 4242 1156 4328 ¹).

216 4403 394 4420 ⁸—··-——-

251 4494 277 4556 1)
293 4494 330 4544 01.
347 4511 440 4562 quoque
456 4497 499 4547 rit
517 4496 562 4546 111
578 4496 653 4562 (apud
670 4497 741 4548 Diud
759 4512 798 4564 ος.
817 4496 866 4558 ltp

251 4577 279 4644 ἱ)
295 4577 324 4628 ir.
347 4577 412 4632 1007
435 4581 447 4628 t
471 4581 526 4638 νοῦς
549 4579 599 4642 γορ
616 4576 683 4642 ἡμᾶν
699 4576 769 4630 ἔστιν
787 4575 813 4630 iv
830 4576 931 4642 istm
950 4577 1001 4638 tate
1018 4595 1066 4630 non
1082 4578 1128 4628 hue
1145 4578 1266 4646 pertinere
1282 4579 1346 4630 iun·
1361 4593 1401 4628 aa·
