3418 5356
860 460 923 523 130

296 644 363 707 eius
389 644 455 728 joci
479 643 518 707 de
543 643 603 707 diis
629 643 719 707 nullo
747 642 841 706 modo
864 643 955 727 quasi
976 640 1149 725 impietatis
1173 640 1361 705 testimonis*
1377 639 1489 703 haberi

295 739 439 833 possunt.
464 748 525 814 Per
545 751 653 834 jocum
678 748 764 813 enim
788 749 897 813 omnia
918 749 957 812 iis
976 747 1114 832 objicere
1133 747 1267 824 licebat,
1288 746 1374 810 serio
1388 744 1489 821 nihil;

295 876 487 938 quamquam
509 876 585 932 nos,
611 855 737 919 diversa
760 855 885 921 ratione
905 854 1063 931 instituti,
1085 857 1192 917 mente
1212 851 1264 918 vix
1284 871 1488 937 caperspos·
1513 913 1516 919 ,

295 981 403 1024 sumus
423 972 570 1044 poetam,
592 960 648 1044 qui
667 961 800 1025 dicteria
819 963 885 1025 tam
901 960 989 1044 justa
1009 963 1043 1023 et
1057 967 1121 1022 tam
1135 956 1335 1042 impudentia
1347 957 1490 1041 personis

296 1065 359 1129 suis
382 1065 548 1149 praebeat,
573 1067 682 1151 qualia
705 1067 739 1131 in
763 1063 886 1131 Avibus
909 1066 1053 1150 legamus
1067 1063 1103 1150 1),
1124 1064 1308 1148 ceteroquin
1328 1086 1403 1129 vere
1422 1064 1490 1148 pio·

295 1172 361 1234 tete
386 1171 459 1235 deos
483 1172 615 1236 adorare
637 1173 787 1256 potuisse.

340 1275 534 1342 Posteriores
552 1281 664 1363 poetae
683 1301 776 1363 saepe
794 1279 1068 1362 impudentissime
1088 1278 1152 1342 nnis
1165 1278 1385 1362 voluptatibus
1396 1298 1489 1362 prae·

247 1389 248 1392 ’
292 1387 466 1449 texuerunt
487 1388 618 1450 deorum
641 1385 721 1469 rim,
748 1385 888 1462 cultum,
912 1385 1101 1470 exemplum.
1115 1384 1142 1471 Ξ1)

339 1490 539 1576 Thucydides
573 1491 659 1558 haud
692 1492 788 1557 dubie·
815 1492 964 1577 religioni
994 1492 1141 1577 populari
1172 1515 1286 1576 perum
1316 1490 1489 1556 tribuebat.

295 1595 406 1662 (laucis
425 1598 622 1663 naturalibus
643 1599 792 1683 pleraque
811 1599 967 1683 cxplrcarc
985 1599 1117 1663 studens
1129 1598 1244 1664 leniter
1255 1599 1367 1662 irridet
1377 1597 1490 1664 Niciae

294 1704 551 1788 superstitionem
576 1704 663 1789 (VII.
691 1706 743 1780 50,
768 1708 802 1788 4)
827 1727 929 1789 neque
952 1706 1089 1770 multum
1118 1709 1261 1769 moratur
1283 1703 1412 1770 oracula
1432 1702 1489 1787 (ΙΙ,

296 1809 348 1886 17,
375 1812 403 1873 2.
431 1811 484 1887 21,
511 1812 561 1895 3);
584 1814 713 1875 deorum
739 1811 1028 1896 mythologioorum
1049 1811 1102 1875 rix
1122 1832 1272 1894 umquam
1292 1809 1489 1874 mentionem

293 1914 369 1980 facit
392 1920 424 1980 et
449 1915 490 1980 ab
514 1917 611 1981 omni
625 1910 832 1982 meditatione
853 1920 901 1981 de·
914 1938 1022 1981 eornm
1043 1921 1158 1981 natura
1177 1917 1211 1980 in
1231 1917 1357 2001 scriptis
1377 1916 1490 1980 saltem

295 2023 469 2104 prudenter
492 2023 657 2088 abstinens
679 2024 865 2108 plerumque
885 2027 925 2088 ad
945 2045 994 2088 res
1015 2023 1172 2089 humanas
1195 2026 1325 2086 tantum
1347 2021 1491 2087 animum

293 2127 461 2193 convertit.

340 2232 486 2300 Socrates
509 2256 636 2320 quoque
660 2241 692 2301 et
716 2237 808 2301 Plato
831 2259 952 2302 numen
972 2237 1093 2322 justum
1119 2235 1301 2319 nulliusque
1324 2235 1370 2300 rei
1392 2255 1490 2319 egens

292 2339 353 2404 sibi
387 2343 588 2424 proposuisse
622 2342 787 2418 videntur;
820 2342 970 2407 dicuntur
1000 2346 1109 2406 tamen
1141 2342 1216 2405 deos
1246 2341 1414 2425 populares
1438 2340 1490 2424 pie

294 2447 438 2511 coluisse.
464 2447 549 2512 Num
575 2448 676 2533 igitur
698 2449 847 2514 omnibus
870 2449 987 2514 fabulis
1009 2447 1234 2533 mythologicis
1254 2447 1349 2511 fidem
1368 2447 1489 2510 habue-

246 2575 248 2579 ·
292 2556 393 2616 runt?
425 2552 495 2618 Hoc
527 2554 595 2618 fieri
627 2577 691 2619 non
722 2559 836 2640 potest.
872 2555 1017 2620 Socrates
1039 2556 1073 2619 in
1097 2553 1331 2638 Euttyphrone
1353 2555 1490 2617 testatus

295 2659 357 2723 sibi
390 2659 582 2744 theogonioa
615 2663 748 2727 omnino
772 2662 994 2726 commenticia
1017 2661 1132 2738 videri,
1156 2661 1203 2724 ita
1226 2662 1355 2724 deorum
1380 2661 1490 2723 aucto·

292 2764 420 2829 'ritatem
455 2765 606 2848 infringit
629 2770 667 2830 ut
688 2767 729 2830 ab
757 2768 796 2831 iis
819 2770 862 2832 τὸ
887 2767 994 2831 ὅσιον
1019 2768 1096 2832 disci
1119 2789 1211 2850 posse
1234 2772 1348 2851 neget,
1371 2766 1490 2850 quippe

292 2871 330 2934 de
360 2892 423 2954 qun
446 2892 480 2934 re
502 2871 564 2954 ipsi
588 2872 675 2935 inter
701 2894 743 2937 se
757 2873 957 2937 dissentiant.
982 2872 1102 2937 Verum
1126 2893 1162 2937 eo
1186 2873 1292 2937 tendit
1314 2871 1490 2957 disputatio

292 2979 328 3039 ut
362 2997 466 3039 rerum
504 2976 684 3042 divinarum
719 2979 897 3044 obscuritas
933 2981 1182 3054 demonstratum
1220 3001 1279 3043 nco
1313 3001 1379 3043 non
1410 2978 1489 3043 alibi

295 3081 483 3167 plerumque
518 3084 674 3150 indicavit
708 3085 852 3151 Socrates
888 3108 983 3170 quam
1015 3086 1057 3149 sit
1087 3084 1202 3149 inutile
1233 3085 1271 3148 de
1300 3085 1364 3148 illis
1393 3084 1489 3149 rebus

291 3190 439 3254 meditari
463 3193 496 3254 et
519 3191 705 3276 disceptare.
728 3192 865 3256 Phaedri
884 3192 976 3256 initio
997 3192 1037 3276 (o.
1058 3191 1119 3276 IX)
1139 3190 1284 3256 Socrates
1295 3189 1488 3255 convenien-

294 3296 414 3360 tissime
448 3297 633 3380 allegoricas
665 3298 944 3381 interpretationes
968 3297 1149 3382 mythorum
1174 3318 1241 3360 non
1265 3296 1380 3360 stultas
1400 3297 1488 3380 judi-

290 3407 357 3485 cat,
383 3406 437 3466 sed
462 3425 605 3468 >crassae
630 3403 828 3489 sapientiae”
847 3405 1004 3489 (ἀγροίκου
1029 3405 1157 3487 σοφίας)
1180 3403 1363 3468 testimonia
1383 3408 1486 3470 vocat.

290 3509 391 3573 Nam'
410 3510 464 3594 qui
495 3511 591 3575 semel
624 3511 752 3574 initium
784 3509 911 3586 fecerit,
936 3533 1008 3575 cum
1032 3530 1099 3574 non
1122 3531 1242 3574 cessare
1266 3530 1357 3592 posse
1381 3508 1486 3592 prius-

291 3637 389 3698 quam
420 3636 532 3679 omnes
566 3611 695 3700 mythos
727 3617 833 3680 eodem
859 3619 953 3680 modo
976 3617 1205 3698 interpretatus
1228 3615 1278 3681 sit.
1315 3612 1366 3679 Ad
1389 3636 1487 3698 quarn

290 3742 356 3784 rem
388 3720 490 3785 multo
516 3721 581 3785 otio
605 3743 686 3807 opus
709 3741 795 3799 esse;
818 3722 989 3786 absurdum
1014 3726 1119 3787 nutem
1144 3743 1209 3786 esse
1231 3721 1295 3785 illis
1318 3720 1486 3802 rebnsin·

292 3827 439 3892 cumbere
462 3833 634 3912 antequam
658 3832 690 3893 te
712 3829 780 3915 ipse
803 3830 883 3894 bene
906 3830 1041 3894 noveris.

338 3933 488 4000 Summus
520 3939 653 4020 uterque
683 3936 892 4022 philosophus
922 3936 1049 4001 videtur
1079 3935 1158 4000 mihi
1188 3935 1223 4001 in
1250 3934 1345 4000 rebus
1369 3935 1486 4000 divinis

290 4137 381 4145 .......

325 4261 353 4322 l)
371 4258 526 4308 Pithetacrnr
542 4249 625 4307 nribus
643 4250 701 4307 licit
718 4252 805 4323 (556):
824 4248 910 4308 locabo
927 4267 968 4308 vor
985 4249 1056 4310 otiam
1073 4257 1141 4306 τοῖσι
1158 4247 1246 4306 θεοῖσιν
1264 4249 1378 4304 larentia

488 4337 530 4389 δια
548 4341 595 4398 τῆς
618 4338 704 4403 χώρας
722 4343 768 4398 τῆς
785 4339 909 4402 ὑμετέρας
925 4338 1044 4390 ἐστυκόσι
1063 4339 1098 4405 μὴ
1115 4336 1261 4402 διαφοιτᾶν,

493 4420 574 4484 ὥσπερ
597 4425 712 4484 πρότερον
731 4421 913 4486 μοιχεύσοντες
930 4423 978 4479 σας
996 4419 1140 4483 Ἀλκμήνας
1155 4419 1303 4482 κατέβαινον
1366 4435 1369 4439 ’

488 4503 531 4553 καὶ
551 4505 600 4563 σας
618 4505 731 4562 Ἀλόπας
747 4504 791 4554 καὶ
806 4506 855 4564 σας
870 4504 990 4566 Σεμέλας.

315 4589 349 4654 ’2)
368 4585 483 4652 llxonrpla
501 4591 537 4636 cst
554 4587 634 4637 videro
651 4588 714 4654 opud
731 4605 753 4639 v.
772 4589 799 4638 L.
817 4589 946 4647 Bronrm,
966 4587 1076 4638 Histoire
1092 4590 1137 4637 cot.
1155 4587 1199 4636 vl.
1217 4602 1256 4651 pg.
1274 4586 1330 4638 2¹1⁶.
