3408 5360
905 455 948 519 54

327 645 511 730 fragmento
532 644 659 730 legitur.
683 642 848 727 Numquid
868 645 993 727 praeter
1011 642 1150 706 animam
1172 641 1201 705 ei
1221 662 1258 705 er
1277 640 1404 706 aethere
1416 643 1516 705 orium

327 752 434 838 poluit
455 751 580 817 videri?

373 858 522 942 Suspicor
554 877 613 942 ego
644 854 862 920 dissolutionis
892 854 978 919 illius
1010 853 1134 918 nullum
1157 853 1335 938 exemplum
1359 852 1517 937 perspicue

328 965 394 1030 eius
415 963 521 1028 animo
542 962 745 1028 obversatum
758 982 824 1025 esse
836 962 961 1045 praeter
973 959 1184 1024 animantium
1198 963 1349 1042 mortem;
1363 981 1434 1024 eum
1447 979 1516 1024 vero

328 1070 547 1153 indulgentem
572 1067 704 1151 ingenio
725 1087 784 1132 suo
805 1065 957 1150 placitum
977 1065 1058 1130 illud
1077 1066 1111 1128 in
1134 1066 1316 1130 universum
1329 1065 1516 1131 enuntiasse.

375 1175 421 1240 Ut
440 1175 480 1239 ad
499 1173 725 1258 Anaxagoram
747 1173 930 1250 redeamus,
953 1171 1103 1237 discimus
1123 1194 1191 1236 eum
1214 1173 1355 1236 animam
1374 1171 1518 1236 habuisse

328 1280 516 1367 particulam
540 1279 668 1345 Mentis.
694 1279 815 1344 Verum
840 1279 879 1343 de
903 1281 1005 1344 moria
1025 1279 1150 1343 nullum
1170 1278 1236 1343 eius
1252 1276 1276 1365 ¹)
1295 1278 1434 1343 traditur
1451 1279 1518 1363 pla·

328 1388 427 1453 cilum
457 1389 596 1464 cerium,
628 1386 666 1450 de
697 1407 761 1470 qua
791 1407 832 1449 an
857 1385 1067 1470 disputaveris
1089 1385 1221 1450 omnino
1245 1385 1431 1469 ambiguum
1456 1388 1518 1459 esd,

329 1514 523 1578 quamquam
543 1497 629 1556 reete
648 1491 784 1556 fortasse
801 1491 916 1555 statuit
927 1490 1029 1556 Zeller
1042 1493 1106 1576 (pg.
1121 1493 1199 1575 908)
1214 1489 1329 1556 ›Naoh
1341 1491 1449 1556 seinen
1463 1490 1519 1554 all·

330 1598 497 1683 gemeinen
518 1597 822 1682 Voraussetzungen
839 1600 959 1662 mdeste
972 1620 1048 1662 man
1061 1598 1136 1662 aber
1148 1597 1322 1681 allerdings
1334 1596 1519 1674 eohliessen,

330 1706 386 1769 der
409 1703 499 1769 Geist
522 1703 569 1768 als
593 1703 717 1769 seleher
740 1703 784 1768 sei
809 1726 893 1768 zwar
917 1703 1014 1789 ewig,
1039 1703 1098 1768 wie
1122 1704 1177 1768 der
1199 1702 1298 1786 sloh,
1319 1703 1370 1768 die
1389 1703 1520 1788 geislige

330 1809 575 1874 Indiuidualii'e'l
605 1812 751 1894 dagegen
775 1810 892 1875 ebenso
910 1810 1123 1896 ¹vergiinglioh
1149 1810 1207 1875 wie
1232 1809 1471 1876 diesloffliohe”
1485 1809 1519 1896 ⁹).

375 1916 533 1992 Quoniam
556 1921 664 1981 iumen
689 1915 770 1981 nihil
795 1917 976 1982 huiusmodi
1001 1917 1151 1982 lradilum
1176 1920 1239 1996 esi,
1264 1917 1426 1983 rideamus
1449 1921 1520 1981 tan-

331 2025 403 2089 dem
434 2027 591 2109 quatenus
622 2027 716 2108 poeta
747 2045 818 2089 oum
852 2023 1044 2109 philosopho
1079 2045 1209 2109 prorsus
1241 2024 1425 2092 oonoinerit.
1450 2024 1522 2090 Hue

330 2131 481 2195 redeunt:
506 2130 539 2193 1⁰
560 2129 643 2194 nihil
664 2129 790 2214 proprie
812 2129 959 2208 interire,
981 2151 1090 2195 rerum
1111 2134 1217 2195 ortum
1234 2130 1444 2195 elinleriium
1458 2153 1522 2196 esse

331 2235 415 2315 μῖξιν
439 2241 471 2301 ei
493 2235 676 2313 declaratio,
702 2238 737 2299 2⁰
758 2236 883 2300 animae
907 2240 1056 2302 naturam
1080 2258 1146 2302 esse
1169 2236 1454 2322 suhhlissimam³).

377 2341 465 2407 Haeo
494 2345 599 2406 aulem
632 2364 742 2407 omnes
764 2341 831 2406 fere
854 2341 920 2406 eius
945 2342 1098 2427 temporis
1122 2342 1323 2427 philosophi,
1347 2344 1425 2427 quin
1449 2367 1522 2409 eru-

332 2449 461 2513 ditiores
491 2469 618 2526 omnes,
652 2448 813 2533 suspicor,
847 2448 1040 2531 dooueruni;
1073 2449 1234 2533 proprium
1264 2470 1339 2514 vero
1362 2448 1523 2533 Euripidis

331 2554 413 2618 illud
437 2555 475 2618 de
498 2557 600 2619 morte
623 2557 656 2618 ei
678 2553 826 2632 interitu,
852 2554 914 2618 nisi
937 2554 1020 2619 forie
1043 2575 1126 2618 nova
1149 2557 1188 2619 de
1211 2554 1415 2640 philosophia
1434 2555 1524 2622 Ana·

333 2681 471 2745 xagorea
493 2660 676 2725 testimonia
689 2682 705 2724 e
717 2660 857 2725 ienebris
881 2659 1103 2745 proferantur,
1125 2664 1166 2725 ad
1185 2661 1280 2726 huius
1301 2663 1524 2728 auotorilaiem

332 2767 474 2832 rerooari
498 2788 561 2830 non
587 2771 701 2851 polest.

378 2873 561 2951 Praeterea,
584 2877 621 2936 ul
639 2873 699 2938 hao
718 2895 844 2958 quoque
863 2873 897 2937 in
918 2895 951 2938 re
969 2873 1123 2957 temporis
1144 2873 1345 2940 observemus
1365 2877 1526 2954 rationes,

333 3001 441 3045 nonne
472 2980 589 3064 dogma
612 2983 679 3044 tam
704 3001 801 3066 grave
820 2981 887 3065 jem
912 2979 1086 3064 aliquando
1109 2981 1182 3046 rivo
1206 2987 1410 3066 praeceptore
1434 2983 1525 3048 evul-

334 3090 457 3170 gasset,
483 3085 507 3150 si
532 3086 663 3150 eumin
686 3086 828 3150 naturali
851 3085 1054 3171 philosophia
1077 3108 1183 3171 presse
1207 3092 1288 3152 esset
1312 3090 1461 3153 seculus?
1485 3089 1527 3154 In

268 3205 318 3253 42⁹
334 3193 373 3256 iis
393 3195 498 3256 aulem
521 3191 714 3276 tragoediis,
736 3213 814 3276 quas
833 3196 958 3256 constat
978 3195 1053 3256 anie
1073 3191 1124 3257 Ol.
1148 3194 1226 3270 87,3
1238 3195 1430 3278 compositas
1442 3216 1529 3273 esse,

334 3299 416 3363 nihil
448 3297 631 3363 huiusmodi
658 3299 840 3373 insonitum
866 3301 901 3361 al
922 3297 961 3361 fr.
987 3297 1052 3363 836
1060 3346 1072 3376 ¹,
1096 3300 1181 3384 quod
1205 3299 1264 3364 heo
1287 3301 1322 3364 in
1345 3321 1379 3364 re
1402 3302 1530 3386 gravie-

266 3419 316 3468 soo
334 3405 449 3468 simum
473 3426 539 3469 esse
563 3404 716 3481 vidimus,
741 3426 758 3468 e
782 3403 961 3489 Chrysippo
993 3406 1042 3468 esi
1072 3404 1122 3470 Ol.
1156 3407 1232 3487 93‚2
1257 3406 1432 3489 composito
1455 3413 1533 3492 post

336 3510 473 3595 amplius
497 3509 613 3595 viginti
639 3530 740 3575 annos
764 3532 860 3594 quem
884 3514 1027 3575 morinus
1051 3514 1099 3575 esi
1121 3510 1349 3596 Anaxagoras!

369 3779 395 3843 l)
415 3778 445 3826 In
461 3777 523 3826 Plae.
539 3777 607 3840 phil..
623 3779 652 3827 V.
669 3781 709 3838 25,
724 3781 748 3837 3,
757 3780 909 3843 Anaxagoras
918 3779 1024 3828 duruisse
1034 3779 1122 3829 dieitur
1132 3779 1205 3829 liorem
1215 3782 1358 3842 σωματικὸν
1369 3777 1429 3831 εῖναι
1439 3780 1535 3842 πάθος,

335 3857 362 3906 οἷν
378 3857 502 3920 ψυχικόν·
518 3854 578 3907 εἶναι
595 3857 622 3908 δὲ
635 3859 679 3908 καὶ
692 3859 780 3922 ψυχῆς
795 3859 898 3909 θάνατον
915 3862 958 3909 τὸν
973 3859 1156 3923 διαχωρισμόν,
1166 3864 1228 3927 quod
1238 3863 1315 3912 Zeller
1324 3869 1372 3929 (pg.
1383 3864 1445 3928 808)
1455 3865 1537 3913 inter-

334 3944 442 4006 pretatus
462 3942 580 3991 ,animam
597 3943 676 4006 perire
692 3944 719 3993 in
735 3943 843 4008 eorporis
860 3943 1023 4009 separatione”
1040 3945 1086 3993 lide
1101 3945 1225 4009 indignum
1239 3949 1316 4011 putet.
1332 3947 1365 3994 st
1379 3962 1433 3995 eum
1442 3947 1537 3996 Sohun-

333 4021 417 4071 hrehio
434 4027 483 4088 (pg.
502 4024 560 4083 189)
576 4023 657 4088 potius
674 4025 801 4074 rememm:
819 4029 922 4074 mortem
939 4041 987 4074 esse
1003 4026 1177 4091 separationem
1196 4027 1289 4075 animae
1306 4043 1320 4075 a
1335 4043 1442 4091 corpore.

369 4104 396 4170 2)
415 4105 450 4154 cf.
470 4105 569 4154 Arietoi.
589 4107 617 4155 de
633 4109 680 4155 An.
698 4107 719 4158 Ι.
738 4108 766 4157 2ι
787 4108 957 4172 Ἀναξαγόρας
974 4105 996 4156 δ’
1010 4105 1075 4156 ’ἔοικε
1090 4108 1136 4169 μὲν
1150 4107 1232 4170 ’ἕτερον
1247 4105 1330 4172 λέγειν
1342 4106 1429 4172 ψυχήν
1443 4128 1474 4160 τε
1489 4111 1540 4160 καὶ

335 4188 401 4243 νοῦν,
420 4185 501 4251 ὥσπερ
520 4186 620 4249 ilerum
638 4187 681 4237 sal
698 4192 826 4252 πρότερον.
845 4193 940 4253 χρῆται
958 4189 1074 4253 δ’ἀμφοΐν
1092 4190 1123 4248 ὡς
1140 4195 1186 4256 μνᾷ
1203 4189 1285 4254 Φύσει.

370 4271 397 4335 8)
416 4271 479 4318 Nam
498 4286 583 4334 parum
601 4271 688 4321 adlinet
705 4288 819 4336 quaerere
836 4277 919 4323 utrum
936 4276 1010 4323 Anax.
1028 4275 1071 4322 τὸν
1090 4275 1157 4329 νοῦν,
1176 4301 1208 4310 -
1226 4290 1273 4338 qno
1295 4274 1372 4324 utitur
1385 4276 1454 4341 quasi
1470 4277 1540 4326 eius-

336 4353 390 4402 dem
407 4362 507 4403 naturae
524 4361 583 4404 esset
601 4371 627 4404 so
643 4355 735 4415 anima,
753 4359 780 4405 nt
797 4357 919 4421 superiore
935 4360 1017 4406 annot.
1037 4356 1153 4414 vidimus,
1169 4384 1201 4394 —
1216 4357 1454 4418 veliteesecupasn
1464 4356 1542 4407 ἀσώ-

336 4453 431 4497 ματον,
457 4437 486 4486 de
511 4453 558 4501 que
583 4453 609 4488 re
633 4440 694 4487 leste
718 4439 800 4487 eodem
823 4439 960 4488 Aristotelis
984 4437 1061 4504 eapite
1086 4433 1177 4495 νᾶττον
1199 4436 1337 4502 διασαφεῖ”
1358 4441 1393 4505 (r.
1412 4439 1544 4506 imprimis

336 4519 414 4568 Zeller
437 4534 477 4584 pg.
501 4521 550 4568 888
573 4536 627 4570 eum
650 4522 730 4572 annot
755 4521 790 4587 d).
818 4521 902 4585 Neque
927 4520 1057 4586 quidquam
1070 4521 1139 4584 juvet
1154 4522 1268 4586 indagaro
1284 4522 1341 4586 quid
1358 4523 1415 4573 Eur.
1434 4523 1546 4589 proprie

337 4602 401 4651 diost
417 4599 522 4664 αἰθερίαν
539 4599 626 4666 γονήν,
643 4604 706 4668 quod
724 4619 753 4652 ne
771 4603 850 4669 ipsum
868 4603 964 4668 quidem
982 4603 1039 4652 salis
1055 4605 1199 4670 perspexisse
1215 4604 1328 4670 suspicor.
