3422 5362
857 444 919 509 184

517 630 602 711 δήμῳ
626 629 657 694 δὲ
681 628 761 706 μήτε
788 631 852 692 πᾶν
875 628 1047 711 ἀναμνήσῃς
1073 623 1184 705 κράτος

517 737 593 813 μήτ’
618 730 658 800 οὗ
681 737 838 818 νικώσης,
862 739 994 800 πλοῦτον
1020 731 1139 812 ἔντιμον
1165 731 1267 818 τιθεὶς,

517 841 589 919 μηδ’
613 840 709 921 ἄνδρα
732 843 816 918 δήμῳ
841 840 948 906 πιστὸν
972 839 1111 921 ἐκβάλῃς
1137 839 1210 904 ποτὲ

516 947 589 1023 μηδ’
612 944 686 1024 aelfr
712 952 815 1028 κοινοῦ
838 947 961 1027 μεῖζον,
985 949 1018 1013 οὐ
1041 948 1105 1028 γὰρ
1130 946 1288 1027 οὲοφοολές,

517 1055 562 1132 μή
586 1078 631 1120 σοι
653 1054 793 1135 τύραννος
817 1055 960 1134 λαμπρὸς
985 1052 1021 1130 ἐξ
1043 1056 1138 1119 ἀστοῦ
1163 1061 1263 1136 φανῇ.

517 1160 623 1227 κδλοοε
646 1161 674 1227 δ’
698 1159 792 1241 ἄνδρα
817 1162 902 1241 παρὰ
928 1161 1009 1236 δίκην
1034 1161 1220 1243 τιμώμενον,

517 1266 604 1333 πόλει
627 1268 690 1348 γὰρ
714 1268 917 1349 εὐτυχοῦντες
942 1268 968 1332 οἱ
993 1267 1081 1332 κακοὶ
1107 1266 1190 1340 νόσος
1207 1265 1243 1352 ¹).

290 1371 365 1438 Non
396 1374 496 1460 igitur
524 1375 676 1440 miramur
706 1397 778 1440 eum
808 1374 885 1439 alibi
915 1374 1037 1451 dicere,
1070 1377 1106 1438 ut
1136 1393 1190 1459 pg.
1225 1373 1288 1440 182
1324 1372 1496 1451 vidimus,-

290 1491 417 1545 omnem
448 1502 535 1566 rpem
561 1482 610 1547 vel
634 1484 754 1546 metum
776 1481 812 1546 in
835 1480 945 1567 populi
969 1480 1103 1546 ducibus
1127 1480 1223 1545 situm
1247 1501 1325 1544 esse.
1360 1477 1479 1553 Quanti

289 1589 396 1650 autem
419 1586 536 1652 faceret
561 1587 645 1653 viros
670 1587 785 1652 humili
807 1586 877 1653 loco
900 1590 988 1651 ortos
1013 1587 1067 1651 sed
1086 1585 1258 1672 prudentia
1276 1588 1309 1649 et
1326 1588 1493 1649 constan--

245 1765 252 1782 ·
289 1692 335 1756 tia
357 1693 561 1778 conspicuos,
585 1694 618 1758 id
637 1693 778 1758 ostendit
798 1693 1010 1779 descriptione
1029 1692 1103 1756 talis
1122 1691 1182 1757 viri
1197 1691 1231 1755 in
1245 1690 1372 1768 Oreste,
1385 1711 1480 1774 quem

289 1799 402 1864 audaci
432 1801 562 1865 rabulae
594 1801 729 1886 opponit
763 1800 987 1886 (917-922):
1020 1797 1135 1862 »Alius
1165 1797 1322 1882 quispiam
1346 1816 1480 1880 surgens

290 1905 450 1971 centuria
481 1906 581 1982 dixit3
614 1908 683 1970 erat
704 1907 753 1970 vir
776 1926 842 1969 non
866 1905 992 1990 quidem
1017 1897 1175 1968 formosus
1198 1907 1252 1968 sed
1276 1903 1384 1980 fortis,
1408 1923 1479 1966 raro

292 2011 402 2076 urbem
434 2011 607 2097 ferumque
633 2001 782 2089 visitans,
814 2011 954 2096 agricola
984 2011 1040 2095 qui
1068 2032 1126 2074 sua
1156 2031 1253 2074 manu
1278 2009 1394 2074 victum
1420 2008 1481 2072 sibi

292 2118 484 2203 quaerebat,
516 2117 662 2204 quales
693 2117 773 2183 soli
800 2117 913 2182 fines
944 2118 1134 2194 servant,
1166 2118 1322 2201 prudeus,
1351 2116 1480 2199 paratus

291 2227 332 2288 ad
363 2224 611 2310 disputandum,
642 2224 768 2309 integer
799 2223 883 2288 vitae
911 2222 1099 2307 scelerisque
1122 2221 1259 2307 purus”;
1283 2220 1378 2286 ctiam
1397 2220 1482 2285 cius·

291 2333 363 2395 dem
394 2331 440 2396 rei
469 2331 687 2396 testimenium
720 2334 769 2396 est
799 2351 935 2415 persona
959 2331 1129 2408 αὐτουργοῦ
1153 2329 1188 2394 iu
1211 2327 1339 2396 Electra
1362 2326 1479 2391 fabula.

291 2437 331 2502 In
364 2436 565 2524 supplicibus
591 2439 685 2525 (947)
709 2438 790 2502 dixit
813 2436 949 2502 mediam
973 2438 1097 2522 partem
1121 2436 1237 2502 civium
1259 2435 1344 2500 inter
1367 2434 1481 2500 divites

290 2548 322 2610 et
344 2545 430 2611 victu
453 2545 652 2630 indigentes,
676 2544 794 2630 quippe
817 2542 1039 2608 observantem
1063 2542 1201 2608 civitatis
1225 2541 1311 2626 leges
1334 2545 1367 2606 et
1385 2540 1480 2606 inati-

289 2652 377 2733 tute,
401 2651 520 2736 optime
543 2650 772 2736 rempublicam
797 2671 931 2714 servare.

335 2756 500 2842 Optimum
531 2757 631 2840 igitur
661 2756 804 2840 regimen
835 2755 1038 2840 popularium
1069 2755 1394 2821 moderatissimomm
1421 2776 1480 2840 pe-

287 2863 417 2948 pulique
440 2861 610 2947 gubernati
635 2884 655 2926 a
678 2861 931 2947 prudentissimis
956 2861 1030 2926 viris
1054 2862 1212 2927 censuisse
1235 2862 1376 2940 videtur,
1399 2883 1481 2946 quae

288 2968 397 3033 omnia
426 2969 546 3034 cudunt
577 2967 612 3031 in
639 2989 709 3032 eam
733 2969 889 3048 aetatem,
912 2955 976 3053 dua
1000 2968 1137 3033 Pericles
1159 2968 1353 3054 reipublicae
1376 2968 1480 3034 Athe·

287 3073 444 3139 niensium
478 3076 630 3159 praeerat
669 3072 772 3150 Quare
806 3074 887 3138 mibi
921 3096 1107 3159 persuasum
1144 3077 1192 3139 est
1228 3096 1300 3140 eum
1335 3075 1480 3141 omnium

288 3179 587 3270 maximelaudasse
608 3179 835 3265 rempublicam
856 3180 1008 3260 Periclis,
1028 3180 1078 3245 cui
1096 3180 1131 3244 in
1152 3179 1292 3245 moribus
1313 3202 1429 3266 magna
1441 3203 1481 3246 ex

287 3289 379 3371 parte
397 3285 509 3351 similis
531 3285 625 3351 luisse
646 3285 771 3351 videtur
792 3285 845 3372 (ef.
866 3306 920 3371 pg.
941 3287 1184 3373 23),quemque
1196 3307 1306 3351 recens
1318 3290 1480 3353 mortuum

287 3391 482 3476 significasse
500 3391 601 3456 nobili
621 3391 678 3468 illo
698 3390 867 3478 Hippolyti
887 3413 981 3456 versu
993 3392 1110 3478 (1459)
1123 3413 1189 3456 nen
1200 3391 1310 3478 inepte
1321 3393 1477 3460 creditur:

512 3492 654 3563 ὦκλείν’
679 3497 809 3572 Ἀθηνῶν
833 3497 1000 3573 Παλλάδος
1025 3501 1050 3564 θ’
1077 3497 1252 3579 ὃρίσμοοοοο,

514 3600 573 3668 οἷον
596 3601 772 3685 rrepdcrrl'
798 3602 913 3684 ἀνδρός.

333 3710 414 3775 'lum
452 3729 588 3795 regnum
621 3708 767 3776 Atticum
802 3732 822 3775 a
855 3711 982 3796 regibus
1015 3711 1080 3777 illi·
1115 3711 1257 3797 antiquis
1291 3711 1411 3778 Theseo
1446 3718 1479 3779 et

288 3814 511 3903 Demophonte
539 3819 735 3881 moderatum
759 3816 807 3903 (in
831 3815 941 3902 Suppl.
966 3820 998 3882 et
1021 3818 1182 3905 Hercul),
1207 3822 1238 3883 et
1260 3818 1302 3882 cb
1325 3818 1478 3904 pietatem

287 3925 453 4010 tantopere
472 3922 637 3987 laudatum
656 3923 788 3989 omnino
808 3925 848 3988 ad
869 3925 1047 4010 exemplum
1067 3924 1206 3990 civitatis
1225 3924 1382 3991 Pericleae
1400 3948 1478 3992 cou-

286 4027 447 4095 formavit.
481 4027 563 4094 Vide
593 4029 687 4094 medo
710 4030 787 4115 quid
809 4029 950 4096 Theseus
973 4031 1007 4095 in
1031 4029 1233 4117 supplicibus
1256 4034 1295 4096 de
1319 4054 1376 4097 sua
1400 4033 1478 4098 urbe

283 4133 401 4220 jactet,
421 4133 499 4199 satis
522 4134 656 4200 absurde
676 4156 735 4221 pro
754 4135 841 4201 illius
861 4137 931 4202 aevi
949 4137 1127 4204 rationibus
1140 4138 1218 4216 (404
1230 4139 1328 4223 sqq.):
1342 4138 1477 4205 »civitas

285 4243 396 4305 nostra
419 4262 487 4306 non
510 4241 550 4305 ab
576 4262 640 4305 uuo
664 4241 731 4306 viro
755 4244 910 4327 regnetur
928 4245 982 4308 red
1001 4242 1101 4307 libera
1121 4247 1187 4321 est3
1205 4243 1342 4330 populus
1362 4247 1478 4329 regnat

283 4344 398 4411 annuis
418 4347 558 4432 vicibus,
571 4367 638 4412 uon
650 4346 800 4413 divitibus
812 4348 986 4434 plurimum
998 4349 1159 4436 tribuens3
1173 4372 1326 4436 pauperes
1339 4372 1477 4437 aequum

293 4491 478 4506 ‘do-——n—

318 4581 346 4649 r>
362 4581 399 4634 cr.
417 4582 460 4634 or.
478 4581 618 4636 cre-ros.
