3422 5362
857 477 920 540 160

292 659 469 725 tisfaciendi
504 657 615 722 ceteris
647 656 758 722 officiis
789 659 946 723 humanis.
987 657 1051 723 Ubi
1079 658 1179 744 igitur
1209 661 1388 724 emortum
1412 681 1487 744 gra·

294 765 357 844 ris,
389 769 456 829 tam
494 763 663 828 vehemens
691 764 931 848 proponebatur
957 768 993 828 ut
1020 763 1165 830 homines
1190 765 1314 831 ratione
1347 767 1490 850 privaret

296 890 547 956 magnorumque
571 867 726 933 malorum
751 892 845 935 causa
868 869 1033 946 existeret,
1058 870 1235 954 periculum
1256 873 1325 936 erat
1345 871 1488 957 nequasi

254 994 257 1002 ’
294 980 431 1058 πρᾶγμαν
452 973 693 1040 σπουδαιότατον
714 976 808 1040 etiarn
821 977 960 1041 virorum
973 976 1097 1040 animos
1109 977 1181 1061 plus
1195 999 1295 1062 aequo
1308 981 1486 1063 occuparet.

339 1083 461 1159 Quibus
472 1081 628 1167 reputatis
639 1082 795 1146 assentior
806 1080 966 1166 Aeschylo
979 1082 1228 1167 Aristophaneo,
1238 1084 1293 1148 ubi
1305 1083 1487 1170 Euripidem

294 1191 512 1254 ostendentem
544 1208 577 1251 se
605 1187 731 1272 mythos
754 1187 826 1252 illos
849 1209 913 1252 non
941 1188 1137 1272 excogitasse
1160 1192 1214 1253 sed
1242 1190 1377 1255 traditos
1402 1211 1489 1255 rece-

295 1295 377 1381 pisse
400 1294 449 1358 his
472 1292 577 1358 rerbis
599 1291 716 1358 refellit
738 1293 833 1377 (Rau.
860 1295 975 1380 1053):

599 1398 674 1464 ἀλλ’
686 1400 893 1479 ἀποκρύπτειν
916 1401 977 1483 zet
1002 1401 1035 1464 τὸ
1061 1401 1183 1482 πονηρὸν
1207 1400 1259 1466 τόν
1283 1427 1322 1480 γε
1343 1403 1488 1481 ποιητὴν,

433 1506 485 1572 nal
509 1509 553 1584 μὴ
577 1505 731 1588 παράγειν
754 1507 832 1582 μηδὲ
856 1507 1017 1585 διδάσκειν,

296 1617 392 1698 atque
418 1614 500 1677 addo
521 1613 621 1677 multa
640 1634 721 1697 quae
741 1613 809 1677 sine
829 1635 913 1678 noxa
936 1613 1000 1698 legi
1024 1613 1149 1698 possint
1170 1621 1278 1680 tamen
1301 1617 1337 1681 in
1361 1638 1490 1681 scenam

296 1723 423 1805 promta
447 1739 578 1797 nocere,
597 1718 671 1802 quia

478 1825 606 1908 segnius
629 1824 759 1888 irritant
782 1825 905 1891 animos
930 1827 1065 1891 demissa
1087 1849 1145 1911 per
1168 1849 1276 1907 aures,

477 1952 572 2015 qnam
595 1952 677 2015 quae
700 1933 777 1995 sunt
797 1931 898 1996 'oculis
920 1931 1062 2015 subjecta
1085 1931 1242 2001 fidelibus.

342 2039 409 2102 »At
432 2058 497 2101 non
520 2036 659 2120 tegendo
679 2035 811 2101 vulnera
830 2036 1019 2115 sanantur”‚
1040 2037 1230 2124 Hartungus
1242 2041 1444 2121 adversatur,
1457 2043 1491 2107 id

296 2142 417 2210 scilicet
437 2145 585 2226 spectans
608 2142 694 2227 quod
717 2140 885 2227 Euripides
908 2143 1087 2228 voluptates
1110 2143 1182 2208 illas
1200 2143 1329 2210 illicitas
1348 2147 1490 2231 plerum-

297 2272 358 2336 que
379 2249 511 2314 exitium
531 2251 685 2314 adducere
704 2249 790 2316 facit.
813 2249 884 2315 Hoc
904 2251 1034 2314 nomine
1058 2254 1184 2334 poeta
1203 2251 1336 2317 fortasse
1349 2255 1491 2319 excusari

298 2359 421 2441 potest,
447 2393 487 2406 -
511 2353 679 2439 Euripides
701 2355 844 2439 profecto
869 2355 972 2420 noluit
996 2376 1098 2420 mores
1118 2359 1309 2440 depravare,
1330 2358 1403 2424 licet
1424 2382 1490 2425 non

298 2463 375 2528 satis
409 2461 580 2545 diligenter
614 2459 748 2526 fortasse
783 2462 974 2546 quaesiverit
1005 2485 1080 2525 num
1113 2483 1227 2527 nocere
1258 2467 1389 2547 possent
1416 2465 1491 2530 illae

297 2568 443 2646 fabulae,
465 2605 506 2617 -·
532 2589 640 2631 rerum
664 2571 856 2652 poemata
879 2590 944 2634 non
969 2571 1174 2646 excusantem
1202 2570 1320 2655 quippe
1340 2570 1373 2634 in
1396 2571 1491 2635 rebus

298 2674 451 2740 Venereis
486 2671 618 2737 vulnera
647 2674 715 2757 tegi
744 2676 777 2737 et
809 2673 904 2738 celari
935 2677 1076 2768 praestat
1098 2695 1195 2758 quam
1219 2676 1371 2759 patefieri.
1405 2675 1489 2740 Nam

297 2780 413 2845 furoris
444 2778 692 2863 repraesentatio
723 2800 798 2843 vera
830 2783 861 2843 et
889 2781 930 2844 ad
956 2783 1103 2844 naturam
1128 2803 1276 2865 expressa
1300 2782 1360 2846 hoc
1385 2781 1491 2848 diflert

298 2886 339 2950 ab
363 2885 496 2948 eliorum
519 2883 716 2968 flagitiorum
738 2886 1032 2968 repraesentatione
1058 2890 1143 2971 quod
1167 2908 1234 2952 non
1258 2909 1381 2972 semper
1401 2909 1491 2973 spec·

299 2993 418 3055 tatores
441 2992 580 3054 deterret
602 3013 643 3054 ne
665 2991 699 3055 in
721 2992 805 3056 idem
829 2992 1014 3071 incurrant,
1040 3014 1149 3057 rerum
1174 3015 1266 3078 saepe
1288 2995 1375 3079 capit
1394 2995 1491 3059 etde·

299 3097 390 3169 linit,
423 3096 572 3182 quoniam
603 3097 813 3182 proficiscitur
843 3100 883 3163 ab
912 3099 1079 3164 allectione
1103 3101 1246 3165 omnium
1275 3101 1489 3166 animantium

300 3207 433 3269 naturae
456 3203 594 3289 propria.
622 3203 742 3268 Malum
763 3205 879 3289 igitur,
900 3206 975 3290 quia
998 3204 1125 3270 foedum
1152 3227 1218 3270 non
1239 3208 1286 3270 est
1307 3210 1362 3271 sed
1381 3208 1489 3291 potius

300 3310 391 3375 dulce
421 3310 563 3387 ridetur,
594 3309 787 3394 patefactum
820 3311 1011 3396 contagione
1033 3311 1126 3376 facile
1150 3314 1258 3397 serpit.
1289 3313 1380 3377 Adde
1404 3315 1490 3398 quod

300 3415 516 3482 calamitatum
539 3415 733 3481 successione
753 3420 947 3500 spectatores
968 3439 1034 3482 non
1053 3419 1131 3482 satis
1151 3421 1370 3498 deterrentur,
1392 3442 1491 3504 quum

299 3523 396 3588 tacite
427 3522 487 3586 sibi
517 3523 650 3607 quisque
681 3524 869 3606 persuadere
893 3522 994 3587 soleat
1017 3547 1050 3588 se
1073 3525 1107 3588 in
1133 3525 1229 3589 simili
1253 3548 1286 3591 re
1309 3527 1434 3591 ratione
1459 3530 1493 3590 ct

298 3628 468 3714 prudentia
491 3650 543 3692 eas
565 3627 657 3692 facile
680 3629 874 3693 evitaturum
899 3629 1005 3694 fnisse.

345 3749 466 3825 Quibus
495 3748 701 3814 consideratis
728 3749 939 3834 Aristophani
962 3752 1165 3817 consentiens
1190 3775 1256 3818 non
1280 3754 1390 3819 dubito
1415 3776 1492 3820 con-

302 3856 428 3923 cludere
455 3859 645 3938 argumcnta
673 3854 730 3919 illa
764 3855 925 3934 Veneres,
961 3860 1011 3921 tot
1034 3857 1151 3923 fabulis
1176 3863 1330 3940 tractata,
1354 3862 1494 3947 amplam

304 3961 452 4028 habuisse
471 3959 636 4025 materiam
656 3961 696 4025 ad
708 3963 958 4047 corrumpendos
971 3963 1068 4028 ctiam
1081 3962 1328 4031 Atheniensium
1341 3988 1443 4032 mores
1458 3973 1496 4050 ¹).

302 4201 426 4252 conicum
448 4200 493 4249 hnc
508 4199 535 4248 in
552 4213 578 4249 re
592 4196 669 4262 jocari
685 4196 815 4247 verisimile
835 4201 878 4248 est.
899 4199 1012 4264 Suspicor
1031 4199 1075 4250 illo
1093 4203 1201 4266 tempore
1217 4205 1352 4252 matronam
1369 4215 1441 4252 unam
1459 4201 1496 4252 rel

302 4282 402 4334 altorem
419 4287 521 4333 mortem
539 4281 582 4331 sihi
599 4280 751 4340 conscivisse,
770 4295 871 4346 cumque
889 4279 960 4331 huius
975 4282 1010 4331 rei
1025 4282 1119 4347 culpam
1130 4281 1210 4346 jocose
1223 4283 1250 4332 in
1257 4283 1349 4334 fabulas
1357 4284 1498 4349 Euripidem

301 4366 419 4424 conferta
438 4366 505 4414 velut
522 4364 593 4430 paulo
611 4365 679 4428 post,
696 4361 738 4412 nbi
754 4377 821 4426 regar
838 4362 976 4429 Euripidi,
993 4364 1035 4429 qni
1052 4365 1137 4430 pannis
1155 4365 1238 4416 restiti
1255 4367 1499 4432 prodeunt,effecisre

302 4448 415 4498 dicuntur
437 4450 464 4496 ut
488 4446 550 4496 cives
567 4445 653 4495 diriter
671 4444 775 4494 restibus
792 4445 894 4494 sordidis
911 4449 1078 4512 paupertatem
1095 4447 1235 4498 simulantes
1249 4441 1364 4514 liturgias
1381 4449 1499 4499 detrecte-

303 4533 372 4589 rcnt,
388 4529 451 4579 haud
469 4530 538 4579 dubie
555 4545 649 4579 cansam
666 4529 744 4577 flotam
762 4527 868 4578 subdidit
886 4529 921 4578 rci
938 4544 986 4579 non
1003 4530 1070 4579 fletae
1087 4531 1127 4580 sed
1144 4543 1222 4582 verce.

336 4614 364 4682 1)
383 4612 474 4662 Ixionis
491 4627 569 4663 morer
586 4612 623 4678 (in
639 4626 707 4674 cogn.
725 4609 816 4672 sabula)
834 4614 965 4662 narrantur
981 4611 1059 4677 (Plnt.
1077 4613 1143 4664 Mor.
1164 4630 1203 4680 pg.
1220 4615 1499 4681 recuperatoribus
