3422 5362
784 499 847 565 195

264 677 413 745 Feminae
441 677 654 747 Athenienses
684 681 785 768 igitur
816 685 964 768 spectant
988 683 1131 749 conuicia
1154 682 1211 750 illa
1234 682 1412 770 frequemr'a

218 791 251 854 et
273 787 458 865 durissima,
482 787 523 852 ad
547 809 718 874 earumque
740 810 844 855 mores
866 811 1033 876 expressae
1055 793 1133 856 runt
1156 790 1320 876 improbae
1340 813 1410 856 mu·

217 893 310 960 lieres
340 894 491 980 tragicae.
522 893 622 972 Eum,
657 896 923 980 quemadmodum
963 895 1031 962 lieri
1066 899 1172 982 potest
1206 900 1244 961 ut
1277 896 1408 982 uliquis,

218 999 363 1086 quamvis
385 1000 519 1066 omnino
542 1021 670 1066 aversus
694 1001 735 1067 ab
759 1004 847 1068 arcta
870 1023 994 1067 morum
1018 1002 1179 1089 custodia,
1198 1002 1282 1068 hunc
1302 1005 1409 1068 tamen

217 1106 408 1192 quibusdam
440 1105 624 1173 hominibus
660 1109 809 1193 prodesse
839 1108 1017 1195 intelligat,
1047 1109 1092 1174 sic
1121 1107 1289 1194 Euripides
1309 1109 1410 1175 multa

218 1213 307 1279 dedit
338 1216 506 1299 praecepta
536 1237 555 1280 u
587 1236 644 1279 sua
667 1219 773 1280 mente
803 1215 909 1281 aliena
939 1217 993 1281 sed
1022 1217 1062 1282 ad
1095 1238 1197 1282 mores
1220 1217 1409 1284 feminarum

218 1319 398 1405 aequalium
422 1323 680 1400 accommodata,
706 1321 792 1387 velut
816 1322 942 1388 Heraol.
968 1322 1051 1389 476:
1078 1321 1228 1388 »feminis
1251 1346 1410 1390 summum

219 1429 313 1492 decus
332 1431 381 1491 est
399 1429 521 1512 heere,
543 1427 730 1493 modestiam
743 1429 929 1508 observare,
944 1430 1031 1495 domi
1045 1430 1194 1495 manere”
1207 1430 1262 1516 (cf.
1274 1429 1409 1516 Meleag.

218 1531 259 1597 ir.
285 1533 380 1612 525),
394 1533 530 1600 ,romnis
552 1555 633 1599 uror
651 1537 777 1615 σώφρων
797 1535 905 1600 mariti
925 1537 1036 1602 andllc
1049 1535 1115 1600 est”
1128 1534 1253 1621 (Oedip.
1265 1535 1305 1601 ir.
1320 1537 1409 1623 549).

219 1639 436 1706 Andromach.
461 1640 528 1706 944
551 1663 639 1727 sqq.:
664 1663 727 1707 »ne
751 1643 858 1706 mariti
880 1643 990 1707 sinant
1013 1662 1125 1708 uxores
1147 1664 1220 1707 snas
1241 1642 1282 1708 ab
1302 1643 1411 1707 amicis

220 1746 361 1823 visitarh
385 1745 446 1811 hae
468 1746 554 1811 enim
578 1748 683 1812 omnis
706 1747 783 1812 mali
805 1751 952 1813 auctores
973 1750 1050 1814 sunt
1056 1795 1151 1832 .....
1172 1749 1289 1834 januas
1311 1748 1412 1834 igitur

218 1851 361 1916 claribus
392 1855 425 1917 et
455 1851 598 1918 vectibus
628 1853 782 1919 claudant
809 1860 843 1920 et
865 1854 1045 1920 obserent”.
1068 1854 1165 1940 Alop.
1189 1854 1227 1923 fr.
1255 1855 1319 1919 112
1344 1853 1409 1938 (ap.

219 1957 308 2026 Stob.
335 1959 378 2025 74
404 1959 478 2044 17):
503 1960 602 2044 »quid
626 1981 754 2047 operam
779 1962 889 2027 demus
913 1964 949 2026 ut
971 1961 1105 2027 feminas
1128 1961 1331 2026 erudiamus?

662 2070 697 2133 ai
720 2069 782 2148 γὰρ
808 2063 842 2132 οὔ
865 2068 1074 2148 τεθραμμέναι
1100 2069 1193 2134 πλέον

445 2173 640 2253 σφάλλουσιν
665 2172 760 2246 oleove
785 2180 845 2240 τῶν
869 2173 1165 2255 σαριρμελορμένοιν”.

264 2277 342 2345 Sine
383 2280 480 2345 dubio
521 2280 746 2346 observaverat
784 2281 949 2345 scientiam
993 2280 1201 2366 multiplicem
1237 2282 1343 2348 stultis
1377 2285 1410 2348 et

219 2385 260 2449 ad
292 2385 370 2450 vitia
405 2387 514 2471 pronis
550 2387 650 2471 magis
686 2407 799 2452 nocere
835 2409 931 2472 quam
962 2389 1120 2472 prodesse.
1159 2386 1280 2453 Eodem
1315 2389 1409 2454 modo

221 2491 299 2555 mihi
331 2492 553 2577 explicandum
583 2514 649 2557 esee
676 2493 798 2558 ridetur
819 2493 936 2558 mirum
960 2492 1203 2559 Andromachae
1225 2495 1409 2580 ingenium,

221 2619 302 2682 quae
333 2599 456 2663 domini
487 2597 553 2676 sni,
585 2598 673 2664 cuins
697 2602 790 2684 pater
814 2599 962 2664 maritum
986 2621 1078 2664 suum
1101 2598 1319 2678 interfecerat,
1344 2622 1409 2666 rer·

221 2703 326 2770 viliter
356 2727 484 2783 amaus,
517 2707 551 2770 et
581 2725 714 2770 monens
743 2707 835 2770 uxori
869 2707 966 2772 etiam
1001 2707 1124 2791 spurios
1154 2707 1262 2771 mariti
1293 2706 1411 2773 liberos

221 2810 352 2876 alendos
382 2833 449 2876 esse
479 2813 706 2899 (ma-225),
738 2813 871 2878 omnino
895 2814 935 2878 ad
958 2812 1096 2878 feminae
1118 2812 1272 2879 barbarae
1294 2814 1410 2900 imagi·

137 2959 151 2984 ι
221 2936 294 2981 nem
317 2939 465 3002 expressa
485 2922 542 2983 est.
566 2917 660 2983 Tales
680 2940 783 2984 mores
803 2918 971 3003 Euripides
989 2920 1132 3006 profecto
1153 2941 1220 2985 nou
1240 2921 1412 2986 imitandos

220 3023 439 3108 propositurus
470 3029 538 3089 erut
561 3025 622 3090 uisi
649 3025 834 3091 mulieribus
856 3027 996 3104 levibus,
1022 3027 1198 3112 corruptis,
1221 3027 1410 3112 depravatis.

265 3252 318 3319 Ab
337 3254 485 3319 omnibus
503 3255 569 3320 fere
588 3255 673 3320 vitae
693 3255 900 3341 scriptoribus
914 3254 940 3340 ¹)
961 3253 1130 3341 Euripides
1148 3255 1285 3320 traditur
1305 3257 1412 3322 uxoria

220 3360 377 3427 adulisrio
397 3361 603 3427 exacerbatus
621 3362 655 3426 in
678 3366 783 3427 totum
802 3384 913 3427 sexum
929 3363 1074 3428 invectus
1094 3383 1170 3427 esse.
1190 3360 1276 3427 lllud
1289 3363 1412 3430 adulte-

221 3467 302 3531 rium
323 3489 388 3533 non
408 3489 466 3555 pro
488 3473 575 3534 certo
595 3471 740 3552 constat;
753 3468 1003 3555 Aristophanem
1016 3468 1159 3553 profecto
1172 3468 1352 3534 mirmdum
1364 3475 1413 3536 est

222 3593 288 3637 non
308 3575 434 3660 saepius
453 3579 485 3640 et
504 3575 644 3660 apertius
663 3575 696 3640 id
717 3575 834 3654 risisse;
857 3575 954 3640 semel
970 3577 1098 3640 tantum
1107 3579 1189 3640 tecte
1201 3573 1412 3662 significat¹).

256 3904 281 3965 1)
299 3905 328 3954 ln
346 3921 368 3956 ο.
387 3905 407 3965 l,
426 3906 451 3956 11
470 3909 494 3956 et
512 3907 547 3956 1v
565 3923 603 3975 ap.
623 3908 691 3958 liind.
711 3911 773 3974 poet.
791 3923 852 3958 acen.

254 3985 284 4050 2)
301 3985 354 4039 viu.
373 3990 432 4039 ltau.
451 3989 516 4040 1045
534 4007 598 4056 aqu:

283 4069 339 4120 Eur.
359 4071 396 4130 μα
414 4070 465 4128 Δί’,
482 4069 539 4121 otei
555 4074 605 4136 γὰρ
622 4069 649 4130 ἦν
665 4075 712 4132 τῆς
730 4071 878 4136 Ἀφροδίτης
896 4069 967 4122 otto
984 4089 1031 4122 σοι.
1050 4073 1133 4123 Aeauh.
1153 4070 1216 4134 μιρδέ
1232 4071 1260 4135 γ’
1279 4067 1362 4128 inula,

354 4150 416 4201 ἀλλ’
434 4149 481 4202 irc!
494 4171 533 4204 σοι
552 4155 593 4205 col
609 4153 651 4204 sai
668 4156 723 4214 σοῖς
740 4156 820 4204 σοῖσιν
837 4155 922 4213 πολλῆ
940 4157 1037 4205 πολλοῦ
1056 4153 1198 4220 'nautica

355 4232 422 4282 dors
439 4251 470 4297 γο
489 4233 580 4286 sutria
598 4237 629 4286 ci
646 4235 704 4286 κατ’
722 4231 763 4286 οὖν
780 4235 879 4298 ιΙβοιλον.
900 4238 953 4290 nio.
971 4236 998 4295 νΐρ
1016 4238 1059 4286 σον
1077 4237 1127 4286 Δία
1144 4237 1222 4286 τοῦτο
1237 4234 1270 4298 γι
1287 4251 1327 4284 τοι
1342 4233 1378 4292 δή.

355 4313 372 4364 a
391 4318 441 4380 γὰρ
460 4313 486 4376 ἔρ
504 4319 552 4378 σας
569 4317 708 4380 ἀλλοτρίας
724 4315 815 4376 inolere
831 4315 910 4377 αοσόρ
926 4317 1055 4368 νούσοισιν
1076 4314 1196 4380 irari-yse.

255 4399 324 4462 Quae
340 4399 443 4466 scriptor
460 4400 524 4450 ritae
540 4401 610 4452 citat:

490 4487 637 4546 Κιρφισοφῦν
655 4481 743 4546 lipara
761 4482 804 4532 aul
819 4483 979 4544 μολένσοισι,

490 4565 521 4612 σὺ
540 4562 569 4622 δὴ
588 4563 694 4630 σννίζος
711 4563 743 4624 ὃς
760 4567 794 4614 rb
813 4566 889 4614 πολλ’
908 4563 1026 4628 Εὔρισίδρ
1043 4581 1064 4614 ιι.
1075 4581 1100 4614 r.
1112 4574 1134 4615 λ.

221 4649 363 4712 argumento
381 4661 430 4698 aare
447 4645 507 4699 nihi
524 4663 571 4698 nou
590 4648 707 4700 ridemur.
