3408 5360
862 440 903 506 36

286 622 354 708 ipse
391 627 432 689 ed
467 647 586 690 novum
620 645 720 707 genus
755 624 956 708 antiquarum
988 623 1093 708 legum
1118 621 1252 687 vineolis
1276 620 1474 684 liberandum

286 730 493 795 excolendum
512 730 738 816 perficiendum
760 751 824 794 nou
845 730 985 814 suffecit,
1005 751 1113 795 verum
1126 727 1233 792 nullus
1246 726 1437 792 Graecorum
1452 727 1475 810 ¹)

287 858 389 922 neque
419 837 635 902 Romanorum
664 837 788 901 exstitit
811 837 866 920 qui
888 837 935 901 illi
959 837 1048 922 operi
1070 858 1127 921 par
1151 838 1249 911 essot3
1273 854 1365 898 nemo
1389 833 1475 897 enim

286 964 393 1007 eorum
417 944 502 1008 ultra
524 943 684 1028 Euripidis
704 943 916 1007 imitationem
939 962 1123 1027 progressus
1144 944 1201 1024 est.
1225 939 1329 1005 Multo
1348 942 1474 1004 domum

287 1051 362 1132 post
393 1050 519 1113 saecula
548 1048 618 1113 aliis
647 1049 682 1112 in
710 1049 893 1134 regionibus
916 1052 1002 1133 apud
1025 1048 1103 1113 alios
1125 1047 1269 1112 homines
1291 1068 1370 1131 opus
1394 1046 1475 1110 illud

287 1155 446 1218 excultum
470 1160 518 1220 est
540 1177 693 1240 suumque
715 1155 827 1220 habuit
849 1155 967 1220 florem.
1466 1170 1469 1175 ·

332 1259 459 1325 Etenim
478 1260 563 1327 hene
585 1283 701 1326 noram
723 1261 800 1326 artis
823 1262 978 1326 rationem
1002 1261 1155 1344 respicere
1179 1260 1328 1324 debemus
1352 1259 1379 1324 si
1401 1281 1474 1323 eum

283 1371 368 1431 reete
397 1366 576 1452 intelligere
599 1370 688 1432 etex
712 1389 811 1451 aequo
831 1368 975 1452 judicare
999 1368 1160 1451 volumus;
1185 1366 1245 1430 hoo
1270 1368 1364 1430 modo
1388 1365 1473 1428 enim

282 1472 481 1538 laudabimus
504 1477 631 1558 poetam
656 1474 710 1558 qui
734 1474 873 1538 futuram
899 1474 976 1539 artis
1000 1474 1216 1538 conditionem
1240 1470 1473 1556 quodammodo

283 1579 455 1657 divinavit,
491 1581 608 1666 purtim
638 1582 706 1666 ipse
737 1581 956 1659 adumbravit,
985 1582 1093 1666 itaque
1124 1581 1258 1645 fortasse
1289 1577 1358 1642 aliis
1389 1577 1472 1642 viam

282 1687 422 1770 aperuit;
455 1709 541 1752 nune
571 1709 644 1753 vero
675 1692 840 1772 tamquam
873 1691 1041 1772 corruptor
1069 1691 1102 1752 et
1126 1687 1268 1772 perditor
1291 1685 1473 1769 tragoediae

281 1794 431 1878 autiquae
465 1794 574 1858 multis
608 1794 841 1879 vituperatione
877 1798 909 1858 ot
943 1795 1158 1859 contemtione
1194 1794 1323 1857 tantum
1355 1790 1472 1875 dignus

282 1899 408 1963 videtur
420 1894 453 1977 ²).

326 2004 371 2069 Et
390 2005 461 2089 jure
483 2028 560 2071 sene
585 2027 649 2071 non
672 2029 773 2091 pauca
794 2007 830 2071 in
853 2028 889 2072 eo
911 2006 1099 2092 reprehendi
1123 2005 1275 2082 vidimus,
1296 2003 1350 2068 sed
1370 2002 1472 2066 multa

282 2111 360 2176 artis
383 2132 479 2196 opera
503 2113 541 2176 ad
562 2113 648 2198 leges
666 2114 726 2178 rite
746 2115 919 2198 eompoeite
938 2117 1014 2179 sunt
1033 2116 1066 2178 et
1084 2113 1172 2178 omni
1189 2111 1267 2178 vitio
1279 2112 1403 2186 ostent,
1417 2109 1471 2174 sed

282 2218 377 2282 etium
401 2240 530 2303 prorsus
553 2223 661 2284 carent
684 2219 804 2304 impetu
827 2221 934 2285 divino
954 2221 1010 2305 qui
1029 2220 1150 2285 animos
1172 2219 1383 2292 eommoveut3
1396 2237 1471 2278 nam

395 2323 493 2389 »Non
517 2325 593 2390 satis
617 2329 665 2390 est
687 2325 820 2410 pulchra
843 2348 909 2392 esee
932 2330 1097 2411 poemate,
1122 2326 1227 2391 duleis
1250 2326 1367 2399 eunte,

394 2428 437 2494 ut
458 2451 657 2515 quocumque
684 2431 793 2496 volent
814 2432 956 2496 animum
979 2431 1133 2497 auditoris
1156 2427 1311 2516 agunto.”

290 2575 293 2580 ι
326 2533 448 2622 Rursus
482 2535 546 2600 alia
580 2535 690 2600 multis
730 2537 863 2601 maculis
894 2559 1021 2622 aspersa
1049 2542 1143 2615 sunt,
1175 2536 1229 2602 sed
1260 2535 1295 2598 iu
1327 2531 1471 2596 omnium

280 2639 404 2704 animos
426 2662 459 2704 se
481 2640 649 2705 insinuant
672 2663 775 2724 neque
793 2642 827 2705 in
847 2635 1040 2707 oblivionem
1054 2643 1181 2707 abeunt.
1196 2639 1293 2706 Cuius
1304 2637 1350 2703 rei
1363 2640 1471 2702 nostor

280 2745 476 2810 luculentum
499 2747 630 2830 praebet
652 2747 841 2831 exemplum.
871 2745 1008 2812 Constat
1031 2771 1102 2813 eum
1126 2746 1353 2833 quinquies
1377 2746 1471 2807 modo

279 2851 390 2916 vioisse
402 2851 445 2936 ³),
470 2872 562 2936 saepe
584 2851 796 2936 frigidissimis
808 2853 1026 2938 posthabitum
1039 2855 1141 2938 poetis
1155 2857 1191 2942 ⁴).
1213 2853 1247 2920 Si
1259 2851 1358 2930 κριτοὶ
1372 2847 1470 2913 Athe·

280 2957 550 3042 niensessemper
573 2979 734 3042 exaequo
758 2961 791 3024 et
808 2959 896 3044 justo
917 2960 1142 3045 judicaverunt
1165 2963 1198 3025 et
1222 2961 1311 3026 nulla
1335 2984 1369 3027 re
1399 2976 1470 3020 νοτ·

278 3139 454 3150 ---—...

278 3257 341 3307 werd
362 3256 467 3306 dedumh
485 3273 531 3307 nur
547 3257 680 3322 geidrdert‚
698 3259 728 3306 dn
744 3257 893 3322 gleichzeitig
915 3260 974 3309 auoh
992 3260 1029 3309 die
1045 3261 1135 3311 Notion
1153 3261 1211 3312 inber
1228 3263 1278 3314 sich
1296 3265 1469 3318 hiuuuesohritt

280 3340 329 3412 und
346 3338 478 3403 gleiohfalle
495 3339 727 3390 zusammenbraoh’'·

312 3423 340 3486 1)
357 3422 411 3471 Une
428 3426 507 3471 temen
525 3424 647 3488 tragoedia
663 3423 735 3472 fuisse
749 3423 837 3473 dieitur
851 3424 918 3474 euius
931 3429 1098 3489 argumentum
1113 3425 1187 3476 libere
1203 3428 1325 3478 inventum
1346 3434 1419 3490 esset,
1438 3447 1468 3483 eo.

277 3503 410 3567 Agathonie
426 3501 508 3562 άνθος.
535 3505 598 3554 Vide
616 3505 715 3554 Aristot.
734 3507 800 3555 Post.
819 3522 857 3571 pg.
877 3507 940 3556 1451
951 3507 976 3556 b:
996 3503 1021 3555 ἐν
1037 3509 1095 3564 τοῖς
1112 3505 1264 3571 τραγῳδίαις
1280 3507 1357 3571 ἐνίοις
1376 3513 1421 3574 μὲν
1443 3514 1470 3563 ἓν

277 3583 353 3642 dedo
378 3589 428 3634 τῶν
452 3586 578 3649 γνωρίμων
597 3583 677 3636 ἐστὶν,
694 3585 820 3647 ὀνομάτων
847 3587 881 3636 τά
906 3585 933 3636 δὲ
959 3586 1029 3636 ἄλλοι
1054 3588 1221 3651 τετοννμίνοι,
1247 3588 1277 3641 ἓν
1303 3590 1411 3653 ἰνίοιις
1435 3593 1469 3644 δὲ

278 3665 340 3716 οὐδ’
366 3667 409 3726 ἕν,
436 3663 501 3718 οἷον
527 3665 557 3718 ἦν
584 3667 761 3732 Ἀγάθωνος
787 3668 880 3720 iiviri.
907 3669 995 3730 ὁμοίως
1015 3671 1064 3734 γάρ
1081 3668 1106 3720 ἔν
1125 3671 1208 3736 τούτῳ
1227 3673 1263 3723 τά
1280 3692 1310 3724 τε
1327 3674 1470 3740 πράγματα

277 3749 371 3799 κοῖτον
388 3748 500 3811 ὀνόματα
517 3750 662 3809 verulanae,
679 3751 723 3801 κοῒ
739 3749 808 3801 οὐδὲν
826 3746 902 3810 ἦττον
920 3749 1049 3815 εὐφραίνει.
1065 3771 1125 3818 quae
1143 3755 1302 3819 subjiciuntur
1325 3759 1397 3824 digne
1413 3763 1470 3809 eunt

277 3847 337 3896 quae
350 3836 473 3883 notentur:
494 3831 557 3881 ὥστ’
577 3831 605 3882 οὔ
623 3832 723 3893 ντάντοις
740 3829 801 3883 οἴνοιο
820 3831 942 3899 ζητητέον
952 3833 1210 3898 τῶνντονρονδεδομένοον
1220 3837 1299 3900 μόθων
1310 3876 1399 3890 ......
1409 3839 1470 3890 άντ-

276 3911 401 3976 dixerim·
421 3913 464 3963 νοῒ
479 3916 528 3977 γάρ
542 3917 641 3978 γνλοῖον
657 3918 735 3966 τοῦτο
751 3915 844 3981 (arria,
862 3912 917 3966 1τοῖ
933 3915 976 3965 κοῒ
992 3917 1027 3966 τά
1044 3915 1155 3981 γνάρνμον
1172 3920 1268 3984 ὀλίγοις
1276 3921 1388 3986 γνώριμά
1398 3919 1470 3972 ἔστιν

276 3992 337 4043 άλλ’
354 3994 419 4055 ὅμως
436 3994 557 4059 εὖφρονίνεν
574 3995 680 4056 πάντας.

310 4079 388 4144 Quam
405 4079 491 4130 vellem
507 4081 538 4130 τὸ
556 4078 644 4138 ιἈνθος
661 4081 727 4131 nobie
745 4084 865 4131 servatum
882 4082 954 4131 esset!

310 4162 337 4226 2)
364 4163 499 4212 Mommsen
520 4179 558 4228 pg.
587 4163 635 4216 907
643 4182 649 4213 :
671 4164 717 4212 AEr
733 4164 776 4212 hot
793 4163 831 4212 die
848 4163 930 4212 antike
947 4164 1063 4228 Tregddie
1079 4181 1108 4215 zu
1125 4170 1259 4228 rentem,
1279 4167 1345 4218 nieht
1363 4169 1401 4219 die
1419 4185 1470 4219 mo·

277 4245 348 4294 deme
365 4260 393 4294 zu
411 4246 523 4310 eehdpfen
541 4246 670 4296 vermoeht.
689 4245 801 4296 Ueberell
816 4245 880 4296 blieb
897 4262 925 4297 er
941 4246 984 4296 eni
1000 4247 1093 4297 helbem
1112 4250 1185 4314 Wege
1201 4248 1295 4300 etehu”.

310 4329 335 4386 3)
351 4326 404 4383 Βίος
422 4333 456 4375 111
473 4328 536 4393 apud
555 4328 625 4378 Diod.
644 4326 712 4385 elnac
729 4325 755 4376 δὲ
772 4325 839 4391 'dege
857 4327 886 4389 ν’,
907 4329 949 4379 lv.
968 4329 1077 4394 (Suidee)
1095 4331 1162 4388 νίκας
1176 4329 1203 4379 δὲ
1219 4332 1302 4381 ν’ίλντο
1317 4331 1406 4391 erdere,
1420 4336 1470 4393 τὰς

276 4408 321 4468 μὲν
338 4406 465 4472 τέοοοιροις
483 4411 582 4473 πορνῶν,
600 4409 645 4468 τὴν
664 4407 691 4458 δὲ
708 4410 767 4471 μίαν
785 4411 853 4471 μοτά
870 4409 915 4468 τὴν
932 4410 1060 4468 τελευτὴν.

309 4493 337 4556 4)
356 4492 433 4540 Varro
450 4508 486 4557 ap.
506 4493 567 4542 Gall.
588 4495 664 4558 (Nori
681 4496 731 4543 Art.
751 4494 832 4544 XVII.
850 4496 877 4556 4)
899 4510 966 4544 -oum
983 4510 1037 4544 eum
1054 4509 1122 4560 saepe
1140 4496 1261 4546 vincerent
1277 4497 1369 4561 aliquot
1384 4502 1469 4564 poetae

275 4571 444 4638 rgnamm1m1²’.
