3418 5356
849 456 913 519 104

173 729 178 738 .
284 637 370 702 enim
400 639 588 714 consilium,
619 638 704 722 quod
728 637 841 702 molita
865 642 951 716 erat,
974 638 1079 722 primo
1103 637 1254 704 Graeciae
1277 640 1345 705 viro
1370 639 1492 724 fundi·w

284 747 336 809 tus
362 743 555 828 exstirpato:
907 745 1035 825 τοιαύτῃ
1059 745 1113 826 θεῷ

395 851 442 922 τίς
467 848 505 915 ἂν
529 848 743 932 προσεύχοιθ’;
768 844 785 924 ἣ
811 848 1109 930 percrebruissent,

396 954 529 1037 λέκτρων
551 958 703 1036 &taucica
729 956 819 1038 Ζηνὶ,
844 957 914 1029 τοὺς
941 955 1106 1037 εὐεργέταις

394 1059 551 1135 Ἑλλάδος
576 1063 715 1128 drdter'
740 1063 823 1129 οὐδὲν
847 1061 938 1136 ὄντας
961 1063 1111 1136 αἰτίαυς”.

329 1166 416 1244 Quae
434 1168 575 1233 Theseus
595 1190 659 1234 non
679 1169 814 1247 refellit,
835 1169 889 1234 sed
908 1169 1025 1234 iratum
1043 1170 1228 1254 placaturus
1240 1170 1481 1256 moniturusque

284 1296 325 1338 ne
355 1274 534 1359 parricidiis
564 1275 630 1340 suis
660 1275 756 1340 nimis
789 1274 969 1360 affligatur,
995 1275 1120 1361 placide
1143 1277 1275 1362 exponit
1299 1277 1373 1342 deos
1395 1278 1481 1362 ipsos

284 1380 433 1446 omnibus
464 1380 617 1447 scelerum
650 1381 819 1466 generibus
850 1380 1025 1446 maculatos
1049 1403 1133 1461 erse,
1160 1419 1201 1432 -
1227 1383 1290 1447 nisi
1312 1382 1393 1450 falsa
1416 1384 1482 1448 sint

284 1489 451 1572 poetarum
475 1487 634 1571 carmina,
664 1526 704 1536 —
731 1491 891 1552 ettamen
916 1487 1019 1551 adhuc
1044 1486 1219 1573 Olympum
1240 1487 1402 1567 habitare,
1420 1489 1481 1553 fla·

285 1592 426 1677 gitiaque
444 1615 502 1658 sua
521 1593 718 1661 sustinuisse.
732 1592 759 1679 1)
780 1591 949 1658 Herculem
966 1612 1043 1677 ergo
1054 1639 1063 1671 ,
1075 1593 1193 1678 quippe
1205 1593 1372 1658 mortalem
1384 1641 1392 1672 ‚
1405 1615 1481 1679 pro·

284 1697 367 1762 fecto
389 1719 455 1763 non
474 1699 639 1784 indignari
658 1700 772 1764 debere
791 1700 864 1771 rate
890 1699 935 1763 τύ
943 1721 1043 1779 χαις,
1066 1699 1222 1783 siquidem
1235 1703 1267 1764 et
1280 1699 1325 1764 dii
1336 1700 1480 1764 tulerint.

329 1804 417 1870 Haec
440 1805 559 1882 oratio,
585 1809 626 1871 ad
650 1805 832 1870 leniendam
856 1826 946 1869 casus
970 1804 1177 1870 acerbitatem
1201 1808 1406 1890 comparata,
1428 1805 1481 1869 in·

284 1911 505 1997 dignationem
529 1915 671 1978 nostram
695 1915 793 1996 auget
815 1914 890 1976 deos
914 1910 1066 1976 exhibens
1089 1932 1222 1996 aequo
1246 1912 1384 1976 animo
1407 1933 1482 1995 pec·

284 2019 411 2083 cantes!
435 2017 548 2103 Neque
575 2018 604 2082 ei
626 2017 780 2083 Hercules
803 2017 898 2081 fidem
923 2016 1090 2101 adjungit;
1115 2019 1253 2082 testatur
1276 2017 1375 2096 (1340
1397 2020 1481 2104 sqq.)

286 2145 319 2188 se
350 2144 416 2188 non
447 2124 573 2190 credere
603 2127 678 2189 deos
714 2123 875 2188 amoribus
908 2121 1029 2187 illicitis
1062 2123 1249 2208 indulgere,
1282 2145 1314 2188 se
1344 2123 1481 2189 invicem

287 2229 425 2310 vincire,
447 2230 584 2296 alterum
606 2230 700 2296 alteri
720 2231 810 2316 jussa
832 2229 926 2307 dare,

502 2337 624 2403 »δεῖται
648 2338 712 2416 γὰρ
735 2337 749 2401 ὃ
773 2334 857 2412 θεὸς,
884 2333 968 2414 εἴπερ
993 2333 1058 2400 ἔστ’
1080 2337 1171 2408 ὅντως
1195 2336 1278 2411 θεὸς,

500 2442 631 2515 οὐδενός·
658 2442 763 2509 ἀοιδῶν
785 2438 849 2507 elle
874 2439 1013 2516 δύστηνοι
1037 2440 1159 2520 edredi

331 2547 499 2615 Sententia
516 2549 616 2634 igitur
635 2548 709 2628 illa,
730 2548 865 2634 quaein
884 2549 997 2630 poetae
1016 2549 1125 2612 animo
1137 2547 1242 2612 latens
1253 2547 1289 2612 in
1301 2545 1483 2633 Hippolyto

286 2655 367 2720 nihil
399 2656 535 2741 amplius
565 2657 711 2721 effecerat
741 2654 803 2719 nisi
834 2658 872 2719 ut
903 2676 968 2719 una
997 2655 1056 2718 dea
1078 2653 1225 2738 improba
1248 2654 1485 2740 vituperaretur

286 2761 340 2847 (cf.
361 2782 415 2846 pg.
439 2762 502 2827 100
523 2763 603 2846 aql,
624 2782 710 2826 nunc
728 2760 896 2845 perspicua
915 2761 943 2825 ei
957 2759 1043 2824 facta
1055 2760 1096 2824 ad
1108 2761 1273 2825 universos
1285 2762 1360 2826 deos
1372 2763 1479 2847 palam

286 2866 495 2945 transfertur,
517 2887 632 2952 nempe
660 2887 833 2952 peccare
864 2867 1051 2931 alienum
1080 2863 1171 2931 asse
1202 2869 1401 2933 enatura
1425 2869 1484 2934 di-

285 2969 400 3048 vina,
424 2973 539 3035 deum
560 2991 700 3036 verum
723 2971 890 3036 nullius
909 2971 971 3036 rei
990 2989 1121 3056 egere.
1146 2969 1192 3035 At
1211 2970 1262 3036 his
1281 2972 1483 3039 rerbieHer·

284 3075 370 3141 cules
392 3077 425 3141 id
449 3099 515 3143 esse
539 3079 639 3161 negat
661 3078 747 3161 quod
769 3077 837 3162 ipse
861 3080 1042 3162 pertatem
1066 3077 1166 3142 vitam
1190 3081 1341 3162 expertus
1362 3081 1430 3159 est,
1449 3085 1484 3145 et

286 3203 349 3268 quo
373 3184 478 3248 totum
503 3183 618 3247 nititur
641 3181 769 3248 fabulae
792 3184 1038 3269 argumentum!

332 3288 403 3354 Hac
437 3290 472 3353 in
505 3288 616 3355 fabula
653 3289 799 3354 materies
822 3289 1057 3374 quodammodo
1078 3289 1114 3353 in
1137 3289 1232 3375 culpa
1254 3293 1311 3356 est.
1335 3289 1486 3357 Herculis

284 3395 387 3460 rabies
414 3396 580 3480 tragoedia
611 3398 687 3481 apte
716 3394 872 3460 illustrari
903 3416 969 3460 non
1001 3397 1129 3480 poterat
1159 3393 1222 3460 nisi
1252 3395 1353 3481 ipsius
1375 3396 1486 3481 aliqua

284 3501 379 3586 culpa
412 3501 553 3586 adjecta,
589 3501 679 3566 velut
708 3501 735 3566 si
766 3495 824 3566 sua
854 3501 972 3567 virtute
1004 3505 1037 3566 et
1065 3500 1179 3565 robore
1214 3499 1310 3566 nimis
1343 3501 1483 3568 confisus

285 3607 367 3672 nulli
403 3607 502 3674 errori
532 3629 565 3672 se
595 3607 770 3672 obnoxium
801 3607 986 3673 credidisset
1016 3607 1069 3693 (ut
1091 3605 1231 3692 Oedipus
1254 3605 1483 3694 Sophocleus);

210 3739 212 3744 ’
284 3736 372 3779 nunc
395 3734 468 3780 vero
493 3735 622 3798 prorsus
644 3714 800 3779 innocens
824 3713 908 3798 perit
928 3713 1069 3780 Junonis
1093 3712 1166 3778 odio
1186 3710 1357 3780 novercali.
1379 3713 1484 3779 Nemo

284 3819 418 3904 negabit
445 3819 623 3905 praeclaras
656 3842 729 3885 esre
745 3821 921 3885 sententias
934 3818 1019 3906 [illas
1042 3820 1082 3885 ab
1105 3818 1259 3904 Euripide
1282 3819 1482 3904 enuntiatas,

285 3930 495 4011 naturamque
530 3928 661 3990 deorum
692 3926 733 3991 ab
762 3924 820 3990 illo
851 3924 1027 4010 significari
1059 3924 1161 3990 multo
1193 3923 1354 4009 puriorem
1385 3947 1483 4010 quam

283 4032 453 4109 traditam,
485 4053 595 4096 verum
627 4031 674 4096 ita
703 4031 847 4098 censenti
872 4031 1070 4117 abantiquo
1094 4051 1210 4116 genere
1234 4030 1357 4116 tragico
1381 4030 1483 4095 absti-

283 4138 425 4208 nendum
448 4137 572 4216 iuerat,
595 4140 682 4222 quod
705 4137 734 4202 ei
754 4141 823 4203 tota
842 4137 1044 4223 mythologie
1062 4159 1080 4201 e
1100 4136 1246 4221 turpibus
1265 4134 1392 4201 fabellis
1404 4157 1484 4202 con-

282 4243 361 4309 flate
382 4265 450 4309 esse
473 4244 583 4310 debuit
604 4243 714 4309 videri.

328 4347 436 4414 Etiam
470 4348 639 4436 Iphigenia
674 4349 709 4414 in
742 4348 854 4417 Tauris
885 4352 920 4416 in
951 4349 1137 4435 cognomini
1159 4348 1270 4414 fabula
1294 4350 1374 4435 (380
1397 4352 1484 4438 sqq.)

319 4571 343 4631 1)
362 4567 515 4633 ,ἠνέσχοντό
532 4570 554 4620 l'
571 4569 768 4633 impunis-10¹².
