<?xml version="1.0" encoding="UTF-8"?>
<!DOCTYPE html PUBLIC "-//W3C//DTD XHTML 1.0 Transitional//EN"
    "http://www.w3.org/TR/xhtml1/DTD/xhtml1-transitional.dtd">
<html xmlns="http://www.w3.org/1999/xhtml" xml:lang="en" lang="en">
 <head>
  <title>
</title>
<meta http-equiv="Content-Type" content="text/html;charset=utf-8" />
  <meta name='ocr-system' content='tesseract 3.04.00' />
  <meta name='ocr-capabilities' content='ocr_page ocr_carea ocr_par ocr_line ocrx_word'/>
</head>
<body>
  <div class='ocr_page' id='page_1' title='image "./commentatiodeeu00berlgoog_0209.png"; bbox 0 0 3422 5362; ppageno 0'>
   <div class='ocr_carea' id='block_1_1' title="bbox 880 466 944 532">
    <p class='ocr_par' dir='ltr' id='par_1_1' title="bbox 880 466 944 532">
     <span class='ocr_line' id='line_1_1' title="bbox 880 466 944 532; baseline -0.031 0"><span class='ocrx_word' id='word_1_1' title='bbox 880 466 944 532; x_wconf 83' lang='lat'>194</span> 
     </span>
    </p>
   </div>
   <div class='ocr_carea' id='block_1_2' title="bbox 313 645 1584 2336">
    <p class='ocr_par' dir='ltr' id='par_1_2' title="bbox 315 645 1507 1048">
     <span class='ocr_line' id='line_1_2' title="bbox 317 645 1505 737; baseline -0.007 -21"><span class='ocrx_word' id='word_1_2' title='bbox 317 652 431 737; x_wconf 91' lang='lat' dir='ltr'>aliquis</span> <span class='ocrx_word' id='word_1_3' title='bbox 453 651 646 736; x_wconf 70' lang='lat' dir='ltr'><strong>querebatur</strong></span> <span class='ocrx_word' id='word_1_4' title='bbox 665 653 747 735; x_wconf 92' lang='lat' dir='ltr'>quod</span> <span class='ocrx_word' id='word_1_5' title='bbox 769 649 804 714; x_wconf 91' lang='lat' dir='ltr'>in</span> <span class='ocrx_word' id='word_1_6' title='bbox 824 671 887 714; x_wconf 90' lang='lat' dir='ltr'>una</span> <span class='ocrx_word' id='word_1_7' title='bbox 907 669 1005 713; x_wconf 84' lang='lat' dir='ltr'>uxore</span> <span class='ocrx_word' id='word_1_8' title='bbox 1018 647 1129 712; x_wconf 86' lang='lat' dir='ltr'>salutis</span> <span class='ocrx_word' id='word_1_9' title='bbox 1141 646 1315 732; x_wconf 88' lang='lat' dir='ltr'>periculum</span> <span class='ocrx_word' id='word_1_10' title='bbox 1328 647 1370 710; x_wconf 90' lang='lat' dir='ltr'>sit</span> <span class='ocrx_word' id='word_1_11' title='bbox 1381 645 1505 709; x_wconf 89' lang='lat' dir='ltr'>faciun-</span> 
     </span>
     <span class='ocr_line' id='line_1_3' title="bbox 316 749 1507 841; baseline -0.005 -19"><span class='ocrx_word' id='word_1_12' title='bbox 316 759 409 837; x_wconf 90' lang='lat' dir='ltr'>dum,</span> <span class='ocrx_word' id='word_1_13' title='bbox 433 779 505 824; x_wconf 91' lang='lat' dir='ltr'>cum</span> <span class='ocrx_word' id='word_1_14' title='bbox 529 778 631 822; x_wconf 84' lang='lat' dir='ltr'>norae</span> <span class='ocrx_word' id='word_1_15' title='bbox 650 776 785 841; x_wconf 82' lang='lat' dir='ltr'><strong>sponsae</strong></span> <span class='ocrx_word' id='word_1_16' title='bbox 804 776 908 820; x_wconf 92' lang='lat' dir='ltr'>mores</span> <span class='ocrx_word' id='word_1_17' title='bbox 926 776 993 819; x_wconf 90' lang='lat' dir='ltr'>non</span> <span class='ocrx_word' id='word_1_18' title='bbox 1009 757 1167 839; x_wconf 88' lang='lat' dir='ltr'>spectatos</span> <span class='ocrx_word' id='word_1_19' title='bbox 1179 752 1298 818; x_wconf 88' lang='lat' dir='ltr'>habeas</span> <span class='ocrx_word' id='word_1_20' title='bbox 1311 751 1345 840; x_wconf 86' lang='lat'>¹).</span> <span class='ocrx_word' id='word_1_21' title='bbox 1359 749 1507 816; x_wconf 80' lang='lat' dir='ltr'>Fortasse</span> 
     </span>
     <span class='ocr_line' id='line_1_4' title="bbox 315 867 920 948; baseline -0.005 -19"><span class='ocrx_word' id='word_1_22' title='bbox 315 867 437 929; x_wconf 86' lang='lat' dir='ltr'>eastum</span> <span class='ocrx_word' id='word_1_23' title='bbox 461 883 586 948; x_wconf 90' lang='lat' dir='ltr'>quoque</span> <span class='ocrx_word' id='word_1_24' title='bbox 610 883 768 939; x_wconf 88' lang='lat' dir='ltr'>amorem,</span> <span class='ocrx_word' id='word_1_25' title='bbox 792 883 855 947; x_wconf 91' lang='lat' dir='ltr'>quo</span> <span class='ocrx_word' id='word_1_26' title='bbox 879 883 920 926; x_wconf 90' lang='lat' dir='ltr'>sc.</span> 
     </span>
     <span class='ocr_line' id='line_1_5' title="bbox 567 965 1256 1048; baseline -0.003 -16"><span class='ocrx_word' id='word_1_27' title='bbox 567 968 708 1048; x_wconf 74' lang='grc' dir='ltr'><strong><em>ποιρθένος</em></strong></span> <span class='ocrx_word' id='word_1_28' title='bbox 733 967 827 1044; x_wconf 69' lang='grc' dir='ltr'><strong><em>ἠίθεος</em></strong></span> <span class='ocrx_word' id='word_1_29' title='bbox 851 965 881 1032; x_wconf 84' lang='grc' dir='ltr'>τ’</span> <span class='ocrx_word' id='word_1_30' title='bbox 905 966 1057 1048; x_wconf 71' lang='grc' dir='ltr'><strong><em>ὀαρίζετον</em></strong></span> <span class='ocrx_word' id='word_1_31' title='bbox 1080 967 1256 1042; x_wconf 72' lang='grc' dir='ltr'>ἀλλήλοιιν,</span> 
     </span>
    </p>

    <p class='ocr_par' dir='ltr' id='par_1_3' title="bbox 314 1071 1584 2010">
     <span class='ocr_line' id='line_1_6' title="bbox 316 1071 1504 1161; baseline -0.005 -20"><span class='ocrx_word' id='word_1_32' title='bbox 316 1076 471 1161; x_wconf 85' lang='lat' dir='ltr'>spectavit</span> <span class='ocrx_word' id='word_1_33' title='bbox 500 1077 596 1160; x_wconf 91' lang='lat' dir='ltr'>poeta</span> <span class='ocrx_word' id='word_1_34' title='bbox 626 1075 681 1140; x_wconf 94' lang='lat' dir='ltr'>ubi</span> <span class='ocrx_word' id='word_1_35' title='bbox 710 1074 862 1140; x_wconf 75' lang='lat' dir='ltr'>describit</span> <span class='ocrx_word' id='word_1_36' title='bbox 891 1095 1030 1139; x_wconf 90' lang='lat' dir='ltr'>amorem</span> <span class='ocrx_word' id='word_1_37' title='bbox 1062 1075 1116 1138; x_wconf 81' lang='grc' dir='ltr'>οὐκ</span> <span class='ocrx_word' id='word_1_38' title='bbox 1146 1075 1188 1143; x_wconf 79' lang='grc' dir='ltr'>εἰς</span> <span class='ocrx_word' id='word_1_39' title='bbox 1209 1072 1244 1136; x_wconf 84' lang='grc' dir='ltr'>πὸ</span> <span class='ocrx_word' id='word_1_40' title='bbox 1269 1078 1364 1151; x_wconf 76' lang='grc' dir='ltr'><strong><em>μῶρον</em></strong></span> <span class='ocrx_word' id='word_1_41' title='bbox 1388 1071 1447 1136; x_wconf 78' lang='grc' dir='ltr'><strong><em>οὐδ’</em></strong></span> <span class='ocrx_word' id='word_1_42' title='bbox 1462 1072 1504 1142; x_wconf 76' lang='grc' dir='ltr'>εἰς</span> 
     </span>
     <span class='ocr_line' id='line_1_7' title="bbox 316 1175 1504 1262; baseline -0.006 -16"><span class='ocrx_word' id='word_1_43' title='bbox 316 1183 430 1260; x_wconf 82' lang='grc' dir='ltr'><strong><em>Κύπριν</em></strong></span> <span class='ocrx_word' id='word_1_44' title='bbox 455 1181 625 1260; x_wconf 71' lang='grc' dir='ltr'><strong><em>τρέποντα,</em></strong></span> <span class='ocrx_word' id='word_1_45' title='bbox 652 1182 707 1246; x_wconf 86' lang='lat' dir='ltr'>sed</span> <span class='ocrx_word' id='word_1_46' title='bbox 729 1188 838 1262; x_wconf 72' lang='grc' dir='ltr'><strong><em>ψυχῆς</em></strong></span> <span class='ocrx_word' id='word_1_47' title='bbox 865 1180 987 1253; x_wconf 59' lang='lat' dir='ltr'>areales</span> <span class='ocrx_word' id='word_1_48' title='bbox 1012 1175 1160 1259; x_wconf 76' lang='grc' dir='ltr'><strong><em>σώφρονός</em></strong></span> <span class='ocrx_word' id='word_1_49' title='bbox 1185 1203 1220 1243; x_wconf 82' lang='grc' dir='ltr'>πε</span> <span class='ocrx_word' id='word_1_50' title='bbox 1246 1178 1386 1254; x_wconf 63' lang='lat' dir='ltr'>adradis</span> <span class='ocrx_word' id='word_1_51' title='bbox 1406 1175 1504 1262; x_wconf 89' lang='lat' dir='ltr'>(Dict.</span> 
     </span>
     <span class='ocr_line' id='line_1_8' title="bbox 315 1283 1505 1373; baseline -0.004 -22"><span class='ocrx_word' id='word_1_52' title='bbox 315 1287 352 1353; x_wconf 88' lang='lat' dir='ltr'>fr.</span> <span class='ocrx_word' id='word_1_53' title='bbox 388 1289 471 1365; x_wconf 87' lang='grc'><strong>342,</strong></span> <span class='ocrx_word' id='word_1_54' title='bbox 499 1287 540 1351; x_wconf 88' lang='lat' dir='ltr'>cf.</span> <span class='ocrx_word' id='word_1_55' title='bbox 565 1286 716 1355; x_wconf 85' lang='lat' dir='ltr'>Stheneb.</span> <span class='ocrx_word' id='word_1_56' title='bbox 741 1286 779 1352; x_wconf 80' lang='lat' dir='ltr'>fr.</span> <span class='ocrx_word' id='word_1_57' title='bbox 805 1286 902 1373; x_wconf 83' lang='lat'>671),</span> <span class='ocrx_word' id='word_1_58' title='bbox 927 1285 1044 1372; x_wconf 92' lang='lat' dir='ltr'>quique</span> <span class='ocrx_word' id='word_1_59' title='bbox 1068 1285 1230 1362; x_wconf 73' lang='grc' dir='ltr'><strong><em>ποίδενριιι</em></strong></span> <span class='ocrx_word' id='word_1_60' title='bbox 1256 1283 1369 1366; x_wconf 71' lang='grc' dir='ltr'><strong><em>οοφίοιρ</em></strong></span> <span class='ocrx_word' id='word_1_61' title='bbox 1394 1286 1505 1362; x_wconf 76' lang='grc' dir='ltr'><strong><em>οὶρεπῆς</em></strong></span> 
     </span>
     <span class='ocr_line' id='line_1_9' title="bbox 315 1390 1505 1479; baseline -0.005 -21"><span class='ocrx_word' id='word_1_62' title='bbox 315 1403 461 1459; x_wconf 82' lang='grc' dir='ltr'><strong><em>πλεῖστον</em></strong></span> <span class='ocrx_word' id='word_1_63' title='bbox 493 1392 628 1474; x_wconf 74' lang='grc' dir='ltr'><strong><em>ὑπιέρχει</em></strong></span> <span class='ocrx_word' id='word_1_64' title='bbox 661 1393 713 1479; x_wconf 82' lang='lat' dir='ltr'>(ir.</span> <span class='ocrx_word' id='word_1_65' title='bbox 744 1394 807 1460; x_wconf 92' lang='lat' dir='ltr'>inc.</span> <span class='ocrx_word' id='word_1_66' title='bbox 834 1394 916 1470; x_wconf 88' lang='lat'>889,</span> <span class='ocrx_word' id='word_1_67' title='bbox 940 1393 1005 1458; x_wconf 87' lang='lat' dir='ltr'>vid.</span> <span class='ocrx_word' id='word_1_68' title='bbox 1029 1412 1083 1476; x_wconf 89' lang='lat' dir='ltr'>pg.</span> <span class='ocrx_word' id='word_1_69' title='bbox 1108 1393 1204 1477; x_wconf 80' lang='lat'>168);</span> <span class='ocrx_word' id='word_1_70' title='bbox 1225 1390 1377 1476; x_wconf 88' lang='lat' dir='ltr'>quoniam</span> <span class='ocrx_word' id='word_1_71' title='bbox 1396 1399 1505 1453; x_wconf 88' lang='lat' dir='ltr'>tamen</span> 
     </span>
     <span class='ocr_line' id='line_1_10' title="bbox 314 1481 1505 1584; baseline -0.004 -20"><span class='ocrx_word' id='word_1_72' title='bbox 314 1501 407 1565; x_wconf 83' lang='lat' dir='ltr'>valde</span> <span class='ocrx_word' id='word_1_73' title='bbox 431 1501 581 1584; x_wconf 88' lang='lat' dir='ltr'>ambigua</span> <span class='ocrx_word' id='word_1_74' title='bbox 605 1502 654 1565; x_wconf 87' lang='lat' dir='ltr'>est</span> <span class='ocrx_word' id='word_1_75' title='bbox 676 1499 790 1564; x_wconf 90' lang='lat' dir='ltr'>horum</span> <span class='ocrx_word' id='word_1_76' title='bbox 814 1499 1067 1584; x_wconf 89' lang='lat' dir='ltr'>fragmentorum</span> <span class='ocrx_word' id='word_1_77' title='bbox 1093 1497 1332 1582; x_wconf 86' lang='lat' dir='ltr'>interpretatio,</span> <span class='ocrx_word' id='word_1_78' title='bbox 1356 1481 1505 1561; x_wconf 80' lang='lat' dir='ltr'>audacius</span> 
     </span>
     <span class='ocr_line' id='line_1_11' title="bbox 314 1602 1505 1692; baseline -0.004 -22"><span class='ocrx_word' id='word_1_79' title='bbox 314 1607 387 1672; x_wconf 92' lang='lat' dir='ltr'>inde</span> <span class='ocrx_word' id='word_1_80' title='bbox 414 1607 533 1692; x_wconf 89' lang='lat' dir='ltr'>aliquid</span> <span class='ocrx_word' id='word_1_81' title='bbox 568 1607 716 1690; x_wconf 81' lang='lat' dir='ltr'>colligere</span> <span class='ocrx_word' id='word_1_82' title='bbox 748 1606 833 1672; x_wconf 93' lang='lat' dir='ltr'>nolo.</span> <span class='ocrx_word' id='word_1_83' title='bbox 867 1604 912 1670; x_wconf 88' lang='lat' dir='ltr'>At</span> <span class='ocrx_word' id='word_1_84' title='bbox 934 1606 969 1670; x_wconf 91' lang='lat' dir='ltr'>in</span> <span class='ocrx_word' id='word_1_85' title='bbox 994 1604 1129 1670; x_wconf 81' lang='lat' dir='ltr'>Achillis</span> <span class='ocrx_word' id='word_1_86' title='bbox 1152 1609 1237 1669; x_wconf 90' lang='lat' dir='ltr'>certe</span> <span class='ocrx_word' id='word_1_87' title='bbox 1262 1606 1295 1668; x_wconf 90' lang='lat' dir='ltr'>et</span> <span class='ocrx_word' id='word_1_88' title='bbox 1317 1602 1505 1688; x_wconf 83' lang='lat' dir='ltr'>Iphigeniae</span> 
     </span>
     <span class='ocr_line' id='line_1_12' title="bbox 314 1709 1506 1798; baseline -0.004 -21"><span class='ocrx_word' id='word_1_89' title='bbox 314 1712 472 1798; x_wconf 91' lang='lat' dir='ltr'>colloquio</span> <span class='ocrx_word' id='word_1_90' title='bbox 506 1715 664 1777; x_wconf 90' lang='lat' dir='ltr'>mutatam</span> <span class='ocrx_word' id='word_1_91' title='bbox 692 1732 830 1797; x_wconf 88' lang='lat' dir='ltr'>agnosco</span> <span class='ocrx_word' id='word_1_92' title='bbox 851 1713 1004 1796; x_wconf 85' lang='lat' dir='ltr'>juvenum</span> <span class='ocrx_word' id='word_1_93' title='bbox 1031 1711 1308 1786; x_wconf 74' lang='lat' dir='ltr'>consuetudinem,</span> <span class='ocrx_word' id='word_1_94' title='bbox 1341 1710 1373 1773; x_wconf 88' lang='lat' dir='ltr'>et</span> <span class='ocrx_word' id='word_1_95' title='bbox 1396 1709 1506 1772; x_wconf 83' lang='lat' dir='ltr'>videor</span> 
     </span>
     <span class='ocr_line' id='line_1_13' title="bbox 314 1816 1505 1904; baseline -0.005 -21"><span class='ocrx_word' id='word_1_96' title='bbox 314 1820 393 1883; x_wconf 88' lang='lat' dir='ltr'>mihi</span> <span class='ocrx_word' id='word_1_97' title='bbox 411 1823 571 1904; x_wconf 91' lang='lat' dir='ltr'>quandam</span> <span class='ocrx_word' id='word_1_98' title='bbox 590 1819 832 1884; x_wconf 88' lang='lat' dir='ltr'>similitudinem</span> <span class='ocrx_word' id='word_1_99' title='bbox 854 1819 1088 1903; x_wconf 85' lang='lat' dir='ltr'>deprehendere</span> <span class='ocrx_word' id='word_1_100' title='bbox 1107 1838 1179 1881; x_wconf 90' lang='lat' dir='ltr'>cum</span> <span class='ocrx_word' id='word_1_101' title='bbox 1198 1816 1338 1880; x_wconf 91' lang='lat' dir='ltr'>moribus</span> <span class='ocrx_word' id='word_1_102' title='bbox 1351 1835 1505 1879; x_wconf 84' lang='lat' dir='ltr'>verecun-</span> 
     </span>
     <span class='ocr_line' id='line_1_14' title="bbox 314 1919 1584 2010; baseline -0.005 -21"><span class='ocrx_word' id='word_1_103' title='bbox 314 1925 362 1989; x_wconf 92' lang='lat' dir='ltr'>dis</span> <span class='ocrx_word' id='word_1_104' title='bbox 382 1946 458 2009; x_wconf 87' lang='lat' dir='ltr'>erga</span> <span class='ocrx_word' id='word_1_105' title='bbox 477 1947 586 1990; x_wconf 84' lang='lat' dir='ltr'>sexum</span> <span class='ocrx_word' id='word_1_106' title='bbox 606 1925 792 1989; x_wconf 89' lang='lat' dir='ltr'>muliebrem</span> <span class='ocrx_word' id='word_1_107' title='bbox 813 1925 928 2010; x_wconf 90' lang='lat' dir='ltr'>quibus</span> <span class='ocrx_word' id='word_1_108' title='bbox 946 1923 1143 2006; x_wconf 87' lang='lat' dir='ltr'>gloriabatur</span> <span class='ocrx_word' id='word_1_109' title='bbox 1163 1925 1249 1987; x_wconf 89' lang='lat' dir='ltr'>aetas</span> <span class='ocrx_word' id='word_1_110' title='bbox 1269 1921 1363 1986; x_wconf 91' lang='lat' dir='ltr'>medii</span> <span class='ocrx_word' id='word_1_111' title='bbox 1383 1921 1453 1985; x_wconf 87' lang='lat' dir='ltr'>aevi</span> <span class='ocrx_word' id='word_1_112' title='bbox 1466 1919 1503 2008; x_wconf 76' lang='lat'>⁹).</span> <span class='ocrx_word' id='word_1_113' title='bbox 1579 1931 1584 1938; x_wconf 85' lang='lat'><em>&#39;</em></span> 
     </span>
    </p>

    <p class='ocr_par' dir='ltr' id='par_1_4' title="bbox 313 2028 1505 2336">
     <span class='ocr_line' id='line_1_15' title="bbox 358 2028 1505 2116; baseline -0.002 -22"><span class='ocrx_word' id='word_1_114' title='bbox 358 2029 525 2116; x_wconf 83' lang='lat' dir='ltr'>Euripides</span> <span class='ocrx_word' id='word_1_115' title='bbox 549 2031 649 2115; x_wconf 88' lang='lat' dir='ltr'>igitur</span> <span class='ocrx_word' id='word_1_116' title='bbox 669 2052 735 2095; x_wconf 88' lang='lat' dir='ltr'>non</span> <span class='ocrx_word' id='word_1_117' title='bbox 757 2031 844 2096; x_wconf 85' lang='lat' dir='ltr'>velut</span> <span class='ocrx_word' id='word_1_118' title='bbox 864 2030 1009 2116; x_wconf 79' lang='lat' dir='ltr'>aequales</span> <span class='ocrx_word' id='word_1_119' title='bbox 1021 2029 1246 2095; x_wconf 88' lang='lat' dir='ltr'>contemnebat</span> <span class='ocrx_word' id='word_1_120' title='bbox 1257 2028 1410 2106; x_wconf 83' lang='lat' dir='ltr'>feminas,</span> <span class='ocrx_word' id='word_1_121' title='bbox 1424 2029 1505 2112; x_wconf 90' lang='lat' dir='ltr'>quin</span> 
     </span>
     <span class='ocr_line' id='line_1_16' title="bbox 314 2136 1503 2222; baseline 0 -21"><span class='ocrx_word' id='word_1_122' title='bbox 314 2137 408 2202; x_wconf 88' lang='lat' dir='ltr'>etiam</span> <span class='ocrx_word' id='word_1_123' title='bbox 440 2137 475 2201; x_wconf 88' lang='lat' dir='ltr'>in</span> <span class='ocrx_word' id='word_1_124' title='bbox 507 2138 573 2202; x_wconf 92' lang='lat' dir='ltr'>eius</span> <span class='ocrx_word' id='word_1_125' title='bbox 604 2137 720 2202; x_wconf 88' lang='lat' dir='ltr'>fabulis</span> <span class='ocrx_word' id='word_1_126' title='bbox 749 2137 897 2202; x_wconf 88' lang='lat' dir='ltr'>mulieres</span> <span class='ocrx_word' id='word_1_127' title='bbox 920 2138 1088 2222; x_wconf 84' lang='lat' dir='ltr'>pleraeque</span> <span class='ocrx_word' id='word_1_128' title='bbox 1111 2137 1207 2221; x_wconf 87' lang='lat' dir='ltr'>longe</span> <span class='ocrx_word' id='word_1_129' title='bbox 1230 2138 1394 2220; x_wconf 88' lang='lat' dir='ltr'>praestant</span> <span class='ocrx_word' id='word_1_130' title='bbox 1417 2136 1503 2201; x_wconf 82' lang='lat' dir='ltr'>viris.</span> 
     </span>
     <span class='ocr_line' id='line_1_17' title="bbox 313 2241 1504 2336; baseline 0.001 -31"><span class='ocrx_word' id='word_1_131' title='bbox 313 2241 502 2327; x_wconf 82' lang='lat' dir='ltr'>intelligens</span> <span class='ocrx_word' id='word_1_132' title='bbox 531 2242 630 2327; x_wconf 88' lang='lat' dir='ltr'>igitur</span> <span class='ocrx_word' id='word_1_133' title='bbox 660 2247 692 2307; x_wconf 94' lang='lat' dir='ltr'>et</span> <span class='ocrx_word' id='word_1_134' title='bbox 724 2264 916 2328; x_wconf 87' lang='lat' dir='ltr'>pernoscens</span> <span class='ocrx_word' id='word_1_135' title='bbox 943 2265 1051 2308; x_wconf 89' lang='lat' dir='ltr'>earum</span> <span class='ocrx_word' id='word_1_136' title='bbox 1075 2245 1224 2336; x_wconf 85' lang='lat' dir='ltr'>naturam</span> <span class='ocrx_word' id='word_1_137' title='bbox 1248 2241 1377 2305; x_wconf 83' lang='lat' dir='ltr'>videbat</span> <span class='ocrx_word' id='word_1_138' title='bbox 1399 2264 1504 2327; x_wconf 89' lang='lat' dir='ltr'>qusn-</span> 
     </span>
    </p>
   </div>
   <div class='ocr_carea' id='block_1_3' title="bbox 312 2348 1614 2435">
    <p class='ocr_par' dir='ltr' id='par_1_5' title="bbox 312 2348 1614 2435">
     <span class='ocr_line' id='line_1_18' title="bbox 312 2348 1614 2435; baseline 0 -23"><span class='ocrx_word' id='word_1_139' title='bbox 312 2351 418 2413; x_wconf 86' lang='lat' dir='ltr'>tarum</span> <span class='ocrx_word' id='word_1_140' title='bbox 450 2350 606 2414; x_wconf 81' lang='lat' dir='ltr'>virtutum</span> <span class='ocrx_word' id='word_1_141' title='bbox 630 2349 752 2414; x_wconf 89' lang='lat' dir='ltr'>semina</span> <span class='ocrx_word' id='word_1_142' title='bbox 776 2348 948 2428; x_wconf 89' lang='lat' dir='ltr'>haberent,</span> <span class='ocrx_word' id='word_1_143' title='bbox 972 2350 1049 2435; x_wconf 91' lang='lat' dir='ltr'>quid</span> <span class='ocrx_word' id='word_1_144' title='bbox 1073 2348 1217 2412; x_wconf 86' lang='lat' dir='ltr'>valerent</span> <span class='ocrx_word' id='word_1_145' title='bbox 1241 2349 1316 2411; x_wconf 84' lang='lat' dir='ltr'>ante</span> <span class='ocrx_word' id='word_1_146' title='bbox 1339 2350 1447 2413; x_wconf 92' lang='lat' dir='ltr'>omnia</span> <span class='ocrx_word' id='word_1_147' title='bbox 1469 2349 1505 2412; x_wconf 91' lang='lat' dir='ltr'>in</span> <span class='ocrx_word' id='word_1_148' title='bbox 1609 2422 1614 2431; x_wconf 13' lang='grc' dir='ltr'>ὁ</span> 
     </span>
    </p>
   </div>
   <div class='ocr_carea' id='block_1_4' title="bbox 310 2455 1582 3925">
    <p class='ocr_par' dir='ltr' id='par_1_6' title="bbox 312 2455 1506 2647">
     <span class='ocr_line' id='line_1_19' title="bbox 312 2455 1506 2541; baseline 0.001 -22"><span class='ocrx_word' id='word_1_149' title='bbox 312 2455 379 2520; x_wconf 84' lang='lat' dir='ltr'>vita</span> <span class='ocrx_word' id='word_1_150' title='bbox 405 2457 596 2534; x_wconf 89' lang='lat' dir='ltr'>domestica,</span> <span class='ocrx_word' id='word_1_151' title='bbox 622 2459 676 2520; x_wconf 90' lang='lat' dir='ltr'>sed</span> <span class='ocrx_word' id='word_1_152' title='bbox 701 2456 796 2521; x_wconf 90' lang='lat' dir='ltr'>etiam</span> <span class='ocrx_word' id='word_1_153' title='bbox 818 2456 854 2519; x_wconf 95' lang='lat' dir='ltr'>in</span> <span class='ocrx_word' id='word_1_154' title='bbox 877 2457 943 2521; x_wconf 83' lang='lat' dir='ltr'>rita</span> <span class='ocrx_word' id='word_1_155' title='bbox 967 2456 1116 2541; x_wconf 90' lang='lat' dir='ltr'>publiea,</span> <span class='ocrx_word' id='word_1_156' title='bbox 1140 2455 1264 2519; x_wconf 89' lang='lat' dir='ltr'>etiamsi</span> <span class='ocrx_word' id='word_1_157' title='bbox 1287 2477 1306 2518; x_wconf 88' lang='lat' dir='ltr'>a</span> <span class='ocrx_word' id='word_1_158' title='bbox 1329 2455 1449 2540; x_wconf 90' lang='lat' dir='ltr'>pudore</span> <span class='ocrx_word' id='word_1_159' title='bbox 1472 2458 1506 2520; x_wconf 87' lang='lat' dir='ltr'>et</span> 
     </span>
     <span class='ocr_line' id='line_1_20' title="bbox 313 2563 1026 2647; baseline 0.004 -23"><span class='ocrx_word' id='word_1_160' title='bbox 313 2563 468 2627; x_wconf 90' lang='lat' dir='ltr'>modestia</span> <span class='ocrx_word' id='word_1_161' title='bbox 491 2563 635 2647; x_wconf 86' lang='lat' dir='ltr'>virginea</span> <span class='ocrx_word' id='word_1_162' title='bbox 659 2563 789 2628; x_wconf 91' lang='lat' dir='ltr'>minime</span> <span class='ocrx_word' id='word_1_163' title='bbox 813 2563 1026 2629; x_wconf 89' lang='lat' dir='ltr'>deflecterent.</span> 
     </span>
    </p>

    <p class='ocr_par' dir='ltr' id='par_1_7' title="bbox 310 2668 1582 3925">
     <span class='ocr_line' id='line_1_21' title="bbox 359 2668 1503 2754; baseline 0.002 -24"><span class='ocrx_word' id='word_1_164' title='bbox 359 2671 426 2734; x_wconf 80' lang='lat' dir='ltr'>»At</span> <span class='ocrx_word' id='word_1_165' title='bbox 449 2691 588 2753; x_wconf 90' lang='lat' dir='ltr'>quonam</span> <span class='ocrx_word' id='word_1_166' title='bbox 614 2671 708 2735; x_wconf 93' lang='lat' dir='ltr'>modo</span> <span class='ocrx_word' id='word_1_167' title='bbox 733 2671 801 2737; x_wconf 87' lang='lat' dir='ltr'>fieri</span> <span class='ocrx_word' id='word_1_168' title='bbox 825 2671 933 2754; x_wconf 91' lang='lat' dir='ltr'>potuit</span> <span class='ocrx_word' id='word_1_169' title='bbox 956 2673 992 2734; x_wconf 91' lang='lat' dir='ltr'>ut</span> <span class='ocrx_word' id='word_1_170' title='bbox 1022 2671 1106 2735; x_wconf 93' lang='lat' dir='ltr'>idem</span> <span class='ocrx_word' id='word_1_171' title='bbox 1125 2670 1179 2734; x_wconf 94' lang='lat' dir='ltr'>ille</span> <span class='ocrx_word' id='word_1_172' title='bbox 1199 2668 1341 2732; x_wconf 92' lang='lat' dir='ltr'>omnium</span> <span class='ocrx_word' id='word_1_173' title='bbox 1354 2668 1503 2733; x_wconf 88' lang='lat' dir='ltr'>acerrime</span> 
     </span>
     <span class='ocr_line' id='line_1_22' title="bbox 311 2775 1502 2862; baseline 0.002 -25"><span class='ocrx_word' id='word_1_174' title='bbox 311 2779 414 2838; x_wconf 91' lang='lat' dir='ltr'>totum</span> <span class='ocrx_word' id='word_1_175' title='bbox 439 2795 541 2858; x_wconf 89' lang='lat' dir='ltr'>genus</span> <span class='ocrx_word' id='word_1_176' title='bbox 562 2776 740 2860; x_wconf 87' lang='lat' dir='ltr'>opprobriis</span> <span class='ocrx_word' id='word_1_177' title='bbox 760 2781 983 2862; x_wconf 89' lang='lat' dir='ltr'>conspergeret</span> <span class='ocrx_word' id='word_1_178' title='bbox 990 2777 1027 2840; x_wconf 80' lang='lat'>?&#39;¹</span> <span class='ocrx_word' id='word_1_179' title='bbox 1041 2776 1132 2852; x_wconf 81' lang='lat' dir='ltr'>Quod</span> <span class='ocrx_word' id='word_1_180' title='bbox 1145 2775 1311 2840; x_wconf 91' lang='lat' dir='ltr'>mulierum</span> <span class='ocrx_word' id='word_1_181' title='bbox 1325 2775 1502 2859; x_wconf 89' lang='lat' dir='ltr'>aequalium</span> 
     </span>
     <span class='ocr_line' id='line_1_23' title="bbox 311 2881 1502 2967; baseline 0.001 -24"><span class='ocrx_word' id='word_1_182' title='bbox 311 2881 478 2965; x_wconf 87' lang='lat' dir='ltr'>pleraeque</span> <span class='ocrx_word' id='word_1_183' title='bbox 507 2881 713 2965; x_wconf 76' lang='lat' dir='ltr'>improbitate</span> <span class='ocrx_word' id='word_1_184' title='bbox 736 2888 768 2946; x_wconf 91' lang='lat' dir='ltr'>et</span> <span class='ocrx_word' id='word_1_185' title='bbox 787 2883 931 2967; x_wconf 85' lang='lat' dir='ltr'>nequitia</span> <span class='ocrx_word' id='word_1_186' title='bbox 952 2887 1043 2947; x_wconf 88' lang='lat' dir='ltr'>erant</span> <span class='ocrx_word' id='word_1_187' title='bbox 1063 2883 1260 2967; x_wconf 90' lang='lat' dir='ltr'>conspicuae.</span> <span class='ocrx_word' id='word_1_188' title='bbox 1277 2881 1361 2946; x_wconf 87' lang='lat' dir='ltr'>Nam</span> <span class='ocrx_word' id='word_1_189' title='bbox 1372 2902 1438 2946; x_wconf 91' lang='lat' dir='ltr'>non</span> <span class='ocrx_word' id='word_1_190' title='bbox 1450 2900 1502 2944; x_wconf 89' lang='lat' dir='ltr'>so-</span> 
     </span>
     <span class='ocr_line' id='line_1_24' title="bbox 310 2985 1517 3075; baseline 0.006 -27"><span class='ocrx_word' id='word_1_191' title='bbox 310 2985 377 3049; x_wconf 93' lang='lat' dir='ltr'>lum</span> <span class='ocrx_word' id='word_1_192' title='bbox 397 2987 574 3050; x_wconf 86' lang='lat' dir='ltr'>manebant</span> <span class='ocrx_word' id='word_1_193' title='bbox 591 2987 726 3052; x_wconf 89' lang='lat' dir='ltr'>multum</span> <span class='ocrx_word' id='word_1_194' title='bbox 745 2988 830 3052; x_wconf 90' lang='lat' dir='ltr'>infra</span> <span class='ocrx_word' id='word_1_195' title='bbox 845 2989 1010 3074; x_wconf 89' lang='lat' dir='ltr'>pulchram</span> <span class='ocrx_word' id='word_1_196' title='bbox 1024 2989 1215 3075; x_wconf 89' lang='lat' dir='ltr'>imaginem,</span> <span class='ocrx_word' id='word_1_197' title='bbox 1228 3011 1323 3074; x_wconf 91' lang='lat' dir='ltr'>quam</span> <span class='ocrx_word' id='word_1_198' title='bbox 1336 2988 1396 3053; x_wconf 89' lang='lat' dir='ltr'>sibi</span> <span class='ocrx_word' id='word_1_199' title='bbox 1409 2989 1517 3073; x_wconf 65' lang='lat' dir='ltr'>poetar</span> 
     </span>
     <span class='ocr_line' id='line_1_25' title="bbox 310 3093 1503 3180; baseline 0.002 -25"><span class='ocrx_word' id='word_1_200' title='bbox 310 3099 535 3176; x_wconf 90' lang='lat' dir='ltr'>proposuerat,</span> <span class='ocrx_word' id='word_1_201' title='bbox 555 3097 610 3159; x_wconf 89' lang='lat' dir='ltr'>sed</span> <span class='ocrx_word' id='word_1_202' title='bbox 627 3116 736 3160; x_wconf 84' lang='lat' dir='ltr'>vereor</span> <span class='ocrx_word' id='word_1_203' title='bbox 754 3118 795 3160; x_wconf 92' lang='lat' dir='ltr'>ne</span> <span class='ocrx_word' id='word_1_204' title='bbox 814 3095 878 3160; x_wconf 89' lang='lat' dir='ltr'>illis</span> <span class='ocrx_word' id='word_1_205' title='bbox 899 3096 1096 3180; x_wconf 87' lang='lat' dir='ltr'>temporibus</span> <span class='ocrx_word' id='word_1_206' title='bbox 1115 3096 1211 3160; x_wconf 90' lang='lat' dir='ltr'>etiam</span> <span class='ocrx_word' id='word_1_207' title='bbox 1231 3103 1286 3170; x_wconf 76' lang='grc' dir='ltr'>τῆς</span> <span class='ocrx_word' id='word_1_208' title='bbox 1305 3093 1503 3175; x_wconf 73' lang='grc' dir='ltr'><strong><em>ὑπαρχούσης</em></strong></span> 
     </span>
     <span class='ocr_line' id='line_1_26' title="bbox 310 3199 1505 3288; baseline 0.001 -26"><span class='ocrx_word' id='word_1_209' title='bbox 310 3199 432 3278; x_wconf 78' lang='grc' dir='ltr'><strong><em>φύσεως</em></strong></span> <span class='ocrx_word' id='word_1_210' title='bbox 465 3200 650 3285; x_wconf 91' lang='lat' dir='ltr'>plerumque</span> <span class='ocrx_word' id='word_1_211' title='bbox 681 3203 800 3281; x_wconf 72' lang='grc' dir='ltr'><strong><em>χείρους</em></strong></span> <span class='ocrx_word' id='word_1_212' title='bbox 834 3201 1002 3288; x_wconf 65' lang='lat' dir='ltr'>fuerint3).</span> <span class='ocrx_word' id='word_1_213' title='bbox 1036 3201 1137 3277; x_wconf 76' lang='lat' dir='ltr'>Quam</span> <span class='ocrx_word' id='word_1_214' title='bbox 1167 3200 1208 3264; x_wconf 96' lang='lat' dir='ltr'>ob</span> <span class='ocrx_word' id='word_1_215' title='bbox 1240 3221 1365 3265; x_wconf 89' lang='lat' dir='ltr'>causam</span> <span class='ocrx_word' id='word_1_216' title='bbox 1390 3199 1505 3284; x_wconf 92' lang='lat' dir='ltr'>reliqui</span> 
     </span>
     <span class='ocr_line' id='line_1_27' title="bbox 311 3305 1503 3398; baseline 0 -29"><span class='ocrx_word' id='word_1_217' title='bbox 311 3305 475 3370; x_wconf 78' lang='lat' dir='ltr'>universas</span> <span class='ocrx_word' id='word_1_218' title='bbox 512 3307 656 3398; x_wconf 70' lang='lat' dir='ltr'>mulieres</span> <span class='ocrx_word' id='word_1_219' title='bbox 692 3308 940 3373; x_wconf 90' lang='lat' dir='ltr'>contemnebant</span> <span class='ocrx_word' id='word_1_220' title='bbox 975 3313 1008 3373; x_wconf 90' lang='lat' dir='ltr'>et</span> <span class='ocrx_word' id='word_1_221' title='bbox 1042 3308 1191 3383; x_wconf 85' lang='lat' dir='ltr'>oderant;</span> <span class='ocrx_word' id='word_1_222' title='bbox 1228 3306 1396 3391; x_wconf 84' lang='lat' dir='ltr'>Euripides</span> <span class='ocrx_word' id='word_1_223' title='bbox 1428 3326 1503 3369; x_wconf 80' lang='lat' dir='ltr'>reso</span> 
     </span>
     <span class='ocr_line' id='line_1_28' title="bbox 313 3411 1505 3499; baseline 0 -23"><span class='ocrx_word' id='word_1_224' title='bbox 313 3434 375 3498; x_wconf 95' lang='lat' dir='ltr'>quo</span> <span class='ocrx_word' id='word_1_225' title='bbox 408 3413 528 3478; x_wconf 89' lang='lat' dir='ltr'>maiora</span> <span class='ocrx_word' id='word_1_226' title='bbox 559 3421 591 3478; x_wconf 93' lang='lat' dir='ltr'>et</span> <span class='ocrx_word' id='word_1_227' title='bbox 621 3415 807 3479; x_wconf 86' lang='lat' dir='ltr'>sublimiora</span> <span class='ocrx_word' id='word_1_228' title='bbox 834 3415 868 3478; x_wconf 94' lang='lat' dir='ltr'>in</span> <span class='ocrx_word' id='word_1_229' title='bbox 900 3416 939 3480; x_wconf 90' lang='lat' dir='ltr'>iis</span> <span class='ocrx_word' id='word_1_230' title='bbox 969 3414 1068 3479; x_wconf 89' lang='lat' dir='ltr'>latere</span> <span class='ocrx_word' id='word_1_231' title='bbox 1099 3412 1273 3491; x_wconf 88' lang='lat' dir='ltr'>sentiebat,</span> <span class='ocrx_word' id='word_1_232' title='bbox 1306 3435 1368 3499; x_wconf 94' lang='lat' dir='ltr'>quo</span> <span class='ocrx_word' id='word_1_233' title='bbox 1403 3411 1505 3496; x_wconf 86' lang='lat' dir='ltr'>magis</span> 
     </span>
     <span class='ocr_line' id='line_1_29' title="bbox 313 3518 1582 3604; baseline -0.002 -21"><span class='ocrx_word' id='word_1_234' title='bbox 313 3540 420 3584; x_wconf 89' lang='lat' dir='ltr'>earum</span> <span class='ocrx_word' id='word_1_235' title='bbox 452 3524 601 3585; x_wconf 90' lang='lat' dir='ltr'>naturam</span> <span class='ocrx_word' id='word_1_236' title='bbox 632 3521 840 3586; x_wconf 90' lang='lat' dir='ltr'>venerabatur</span> <span class='ocrx_word' id='word_1_237' title='bbox 864 3525 895 3586; x_wconf 93' lang='lat' dir='ltr'>et</span> <span class='ocrx_word' id='word_1_238' title='bbox 918 3520 1061 3598; x_wconf 92' lang='lat' dir='ltr'>colebat,</span> <span class='ocrx_word' id='word_1_239' title='bbox 1085 3540 1121 3584; x_wconf 95' lang='lat' dir='ltr'>eo</span> <span class='ocrx_word' id='word_1_240' title='bbox 1146 3519 1247 3604; x_wconf 88' lang='lat' dir='ltr'>magis</span> <span class='ocrx_word' id='word_1_241' title='bbox 1271 3518 1506 3603; x_wconf 87' lang='lat' dir='ltr'>indignabatur</span> <span class='ocrx_word' id='word_1_242' title='bbox 1579 3561 1582 3567; x_wconf 88' lang='lat'>-</span> 
     </span>
     <span class='ocr_line' id='line_1_30' title="bbox 313 3625 1504 3711; baseline -0.002 -21"><span class='ocrx_word' id='word_1_243' title='bbox 313 3647 415 3690; x_wconf 89' lang='lat' dir='ltr'>mores</span> <span class='ocrx_word' id='word_1_244' title='bbox 450 3625 639 3692; x_wconf 86' lang='lat' dir='ltr'>feminarum</span> <span class='ocrx_word' id='word_1_245' title='bbox 673 3626 863 3711; x_wconf 88' lang='lat' dir='ltr'>aequalium.</span> <span class='ocrx_word' id='word_1_246' title='bbox 898 3625 1011 3711; x_wconf 86' lang='lat' dir='ltr'>Itaque</span> <span class='ocrx_word' id='word_1_247' title='bbox 1041 3627 1145 3710; x_wconf 86' lang='lat' dir='ltr'>ipsum</span> <span class='ocrx_word' id='word_1_248' title='bbox 1170 3627 1235 3690; x_wconf 89' lang='lat' dir='ltr'>eius</span> <span class='ocrx_word' id='word_1_249' title='bbox 1255 3625 1411 3711; x_wconf 86' lang='lat' dir='ltr'>judicium</span> <span class='ocrx_word' id='word_1_250' title='bbox 1433 3644 1504 3688; x_wconf 90' lang='lat' dir='ltr'>rec-</span> 
     </span>
     <span class='ocr_line' id='line_1_31' title="bbox 310 3730 1504 3817; baseline -0.002 -21"><span class='ocrx_word' id='word_1_251' title='bbox 310 3733 375 3798; x_wconf 91' lang='lat' dir='ltr'>tius</span> <span class='ocrx_word' id='word_1_252' title='bbox 418 3736 451 3797; x_wconf 87' lang='lat' dir='ltr'>et</span> <span class='ocrx_word' id='word_1_253' title='bbox 488 3732 616 3817; x_wconf 90' lang='lat' dir='ltr'>aequius</span> <span class='ocrx_word' id='word_1_254' title='bbox 652 3733 755 3798; x_wconf 81' lang='lat' dir='ltr'>effecit</span> <span class='ocrx_word' id='word_1_255' title='bbox 790 3737 827 3798; x_wconf 91' lang='lat' dir='ltr'>ut</span> <span class='ocrx_word' id='word_1_256' title='bbox 866 3734 967 3797; x_wconf 84' lang='lat' dir='ltr'>multo</span> <span class='ocrx_word' id='word_1_257' title='bbox 1002 3734 1126 3817; x_wconf 91' lang='lat' dir='ltr'>saepius</span> <span class='ocrx_word' id='word_1_258' title='bbox 1164 3731 1327 3817; x_wconf 89' lang='lat' dir='ltr'>multoque</span> <span class='ocrx_word' id='word_1_259' title='bbox 1361 3730 1504 3796; x_wconf 89' lang='lat' dir='ltr'>acerbius</span> 
     </span>
     <span class='ocr_line' id='line_1_32' title="bbox 314 3838 1125 3925; baseline 0.001 -22"><span class='ocrx_word' id='word_1_260' title='bbox 314 3839 460 3904; x_wconf 90' lang='lat' dir='ltr'>mulieres</span> <span class='ocrx_word' id='word_1_261' title='bbox 483 3838 687 3924; x_wconf 87' lang='lat' dir='ltr'>castigaverit</span> <span class='ocrx_word' id='word_1_262' title='bbox 710 3861 804 3925; x_wconf 88' lang='lat' dir='ltr'>quam</span> <span class='ocrx_word' id='word_1_263' title='bbox 830 3839 942 3925; x_wconf 91' lang='lat' dir='ltr'>reliqui</span> <span class='ocrx_word' id='word_1_264' title='bbox 965 3861 1075 3904; x_wconf 92' lang='lat' dir='ltr'>omnes</span> <span class='ocrx_word' id='word_1_265' title='bbox 1089 3840 1125 3925; x_wconf 79' lang='lat'>⁴).</span> 
     </span>
    </p>
   </div>
   <div class='ocr_carea' id='block_1_5' title="bbox 324 3975 519 3984">
    <p class='ocr_par' dir='ltr' id='par_1_8' title="bbox 324 3975 519 3984">
     <span class='ocr_line' id='line_1_33' title="bbox 324 3975 519 3984; baseline -0.005 0"><span class='ocrx_word' id='word_1_266' title='bbox 324 3975 519 3984; x_wconf 56' lang='lat' dir='ltr'>...m--n-—n—o-</span> 
     </span>
    </p>
   </div>
   <div class='ocr_carea' id='block_1_6' title="bbox 306 4029 1504 4674">
    <p class='ocr_par' dir='ltr' id='par_1_9' title="bbox 345 4029 1325 4176">
     <span class='ocr_line' id='line_1_34' title="bbox 345 4029 1325 4097; baseline -0.001 -16"><span class='ocrx_word' id='word_1_267' title='bbox 345 4033 372 4097; x_wconf 88' lang='lat'>1)</span> <span class='ocrx_word' id='word_1_268' title='bbox 389 4031 409 4081; x_wconf 76' lang='lat' dir='ltr'>E</span> <span class='ocrx_word' id='word_1_269' title='bbox 427 4029 558 4081; x_wconf 83' lang='lat' dir='ltr'>Protesilao</span> <span class='ocrx_word' id='word_1_270' title='bbox 576 4046 589 4079; x_wconf 83' lang='lat' dir='ltr'>a</span> <span class='ocrx_word' id='word_1_271' title='bbox 607 4029 682 4081; x_wconf 83' lang='lat' dir='ltr'>Clam.</span> <span class='ocrx_word' id='word_1_272' title='bbox 701 4029 772 4080; x_wconf 77' lang='lat' dir='ltr'>Abx.-</span> <span class='ocrx_word' id='word_1_273' title='bbox 784 4032 872 4082; x_wconf 83' lang='lat' dir='ltr'>Strom.</span> <span class='ocrx_word' id='word_1_274' title='bbox 891 4033 919 4091; x_wconf 84' lang='grc'>6,</span> <span class='ocrx_word' id='word_1_275' title='bbox 938 4048 961 4096; x_wconf 92' lang='lat' dir='ltr'>p.</span> <span class='ocrx_word' id='word_1_276' title='bbox 981 4030 1028 4083; x_wconf 74' lang='lat'>751</span> <span class='ocrx_word' id='word_1_277' title='bbox 1047 4032 1086 4081; x_wconf 87' lang='lat' dir='ltr'>hic</span> <span class='ocrx_word' id='word_1_278' title='bbox 1103 4044 1185 4081; x_wconf 86' lang='lat' dir='ltr'>sersus</span> <span class='ocrx_word' id='word_1_279' title='bbox 1201 4033 1325 4080; x_wconf 85' lang='lat' dir='ltr'>servetur:</span> 
     </span>
     <span class='ocr_line' id='line_1_35' title="bbox 625 4108 1185 4176; baseline 0.004 -17"><span class='ocrx_word' id='word_1_280' title='bbox 625 4112 701 4160; x_wconf 75' lang='lat' dir='ltr'>uosvis</span> <span class='ocrx_word' id='word_1_281' title='bbox 718 4113 767 4175; x_wconf 62' lang='grc' dir='ltr'>γὰρ</span> <span class='ocrx_word' id='word_1_282' title='bbox 786 4108 847 4162; x_wconf 73' lang='grc' dir='ltr'><strong><em>εἶναι</em></strong></span> <span class='ocrx_word' id='word_1_283' title='bbox 864 4115 928 4176; x_wconf 67' lang='grc' dir='ltr'><strong><em>χρῆν</em></strong></span> <span class='ocrx_word' id='word_1_284' title='bbox 945 4116 1082 4176; x_wconf 77' lang='grc' dir='ltr'><strong><em>γννοιιιιεῗον</em></strong></span> <span class='ocrx_word' id='word_1_285' title='bbox 1099 4110 1185 4175; x_wconf 74' lang='grc' dir='ltr'><strong><em>λίχος.</em></strong></span> 
     </span>
    </p>

    <p class='ocr_par' dir='ltr' id='par_1_10' title="bbox 309 4190 1503 4343">
     <span class='ocr_line' id='line_1_36' title="bbox 344 4190 1503 4262; baseline -0.001 -17"><span class='ocrx_word' id='word_1_286' title='bbox 344 4196 371 4261; x_wconf 76' lang='lat'>2)</span> <span class='ocrx_word' id='word_1_287' title='bbox 388 4195 500 4261; x_wconf 79' lang='lat' dir='ltr'>Suspicor</span> <span class='ocrx_word' id='word_1_288' title='bbox 517 4193 590 4244; x_wconf 85' lang='lat' dir='ltr'>etism</span> <span class='ocrx_word' id='word_1_289' title='bbox 606 4194 782 4244; x_wconf 82' lang='lat' dir='ltr'>Andromedam</span> <span class='ocrx_word' id='word_1_290' title='bbox 800 4195 913 4252; x_wconf 84' lang='lat' dir='ltr'>lebulam,</span> <span class='ocrx_word' id='word_1_291' title='bbox 930 4212 976 4261; x_wconf 85' lang='lat' dir='ltr'>qua</span> <span class='ocrx_word' id='word_1_292' title='bbox 993 4205 1074 4262; x_wconf 84' lang='lat' dir='ltr'>postea</span> <span class='ocrx_word' id='word_1_293' title='bbox 1091 4195 1219 4245; x_wconf 77' lang='lat' dir='ltr'>Abderitae</span> <span class='ocrx_word' id='word_1_294' title='bbox 1237 4190 1503 4258; x_wconf 61' lang='lat' dir='ltr'>retransmeare.</span> 
     </span>
     <span class='ocr_line' id='line_1_37' title="bbox 309 4276 982 4343; baseline 0.003 -17"><span class='ocrx_word' id='word_1_295' title='bbox 309 4278 337 4326; x_wconf 87' lang='lat' dir='ltr'>de</span> <span class='ocrx_word' id='word_1_296' title='bbox 355 4294 444 4328; x_wconf 88' lang='lat' dir='ltr'>consor.</span> <span class='ocrx_word' id='word_1_297' title='bbox 463 4277 518 4327; x_wconf 85' lang='lat' dir='ltr'>hist.</span> <span class='ocrx_word' id='word_1_298' title='bbox 537 4278 566 4336; x_wconf 94' lang='lat' dir='ltr'>I,</span> <span class='ocrx_word' id='word_1_299' title='bbox 586 4277 627 4343; x_wconf 84' lang='lat' dir='ltr'>l),</span> <span class='ocrx_word' id='word_1_300' title='bbox 647 4276 736 4326; x_wconf 83' lang='lat' dir='ltr'>similes</span> <span class='ocrx_word' id='word_1_301' title='bbox 754 4276 861 4328; x_wconf 86' lang='lat' dir='ltr'>tabuisse</span> <span class='ocrx_word' id='word_1_302' title='bbox 879 4279 982 4328; x_wconf 79' lang='lat' dir='ltr'>allectus.</span> 
     </span>
    </p>

    <p class='ocr_par' dir='ltr' id='par_1_11' title="bbox 308 4355 1504 4492">
     <span class='ocr_line' id='line_1_38' title="bbox 343 4355 1504 4427; baseline -0.003 -18"><span class='ocrx_word' id='word_1_303' title='bbox 343 4360 370 4425; x_wconf 85' lang='lat'>8)</span> <span class='ocrx_word' id='word_1_304' title='bbox 396 4364 433 4409; x_wconf 82' lang='lat' dir='ltr'>An</span> <span class='ocrx_word' id='word_1_305' title='bbox 453 4359 585 4426; x_wconf 81' lang='lat' dir='ltr'>putandum</span> <span class='ocrx_word' id='word_1_306' title='bbox 609 4361 645 4407; x_wconf 87' lang='lat' dir='ltr'>est</span> <span class='ocrx_word' id='word_1_307' title='bbox 665 4357 726 4420; x_wconf 81' lang='lat' dir='ltr'>jocis</span> <span class='ocrx_word' id='word_1_308' title='bbox 743 4359 863 4409; x_wconf 89' lang='lat' dir='ltr'>obscoenis</span> <span class='ocrx_word' id='word_1_309' title='bbox 878 4361 903 4410; x_wconf 89' lang='lat' dir='ltr'>in</span> <span class='ocrx_word' id='word_1_310' title='bbox 922 4358 1171 4427; x_wconf 81' lang='lat' dir='ltr'>Thesmophoriasusis</span> <span class='ocrx_word' id='word_1_311' title='bbox 1187 4358 1321 4424; x_wconf 84' lang='lat' dir='ltr'>Lysistruts</span> <span class='ocrx_word' id='word_1_312' title='bbox 1337 4355 1504 4406; x_wconf 70' lang='lat' dir='ltr'>Ecclesiasusis</span> 
     </span>
     <span class='ocr_line' id='line_1_39' title="bbox 308 4441 564 4492; baseline -0.004 -1"><span class='ocrx_word' id='word_1_313' title='bbox 308 4442 370 4492; x_wconf 90' lang='lat' dir='ltr'>nihil</span> <span class='ocrx_word' id='word_1_314' title='bbox 386 4442 437 4491; x_wconf 86' lang='lat' dir='ltr'>reri</span> <span class='ocrx_word' id='word_1_315' title='bbox 453 4441 564 4492; x_wconf 75' lang='lat' dir='ltr'>subesse?</span> 
     </span>
    </p>

    <p class='ocr_par' dir='ltr' id='par_1_12' title="bbox 306 4521 1504 4674">
     <span class='ocr_line' id='line_1_40' title="bbox 341 4521 1504 4591; baseline -0.002 -17"><span class='ocrx_word' id='word_1_316' title='bbox 341 4526 370 4591; x_wconf 83' lang='lat'>4)</span> <span class='ocrx_word' id='word_1_317' title='bbox 388 4525 415 4574; x_wconf 89' lang='lat' dir='ltr'>V.</span> <span class='ocrx_word' id='word_1_318' title='bbox 434 4525 457 4574; x_wconf 83' lang='lat' dir='ltr'>d.</span> <span class='ocrx_word' id='word_1_319' title='bbox 473 4525 500 4573; x_wconf 78' lang='grc' dir='ltr'>Δ.</span> <span class='ocrx_word' id='word_1_320' title='bbox 516 4525 543 4574; x_wconf 80' lang='grc' dir='ltr'>Δ.</span> <span class='ocrx_word' id='word_1_321' title='bbox 561 4523 651 4582; x_wconf 82' lang='lat' dir='ltr'>Braut,</span> <span class='ocrx_word' id='word_1_322' title='bbox 666 4523 720 4572; x_wconf 90' lang='lat' dir='ltr'>diss.</span> <span class='ocrx_word' id='word_1_323' title='bbox 737 4538 810 4587; x_wconf 86' lang='lat' dir='ltr'>suprs</span> <span class='ocrx_word' id='word_1_324' title='bbox 823 4529 872 4591; x_wconf 83' lang='lat' dir='ltr'>(pg.</span> <span class='ocrx_word' id='word_1_325' title='bbox 889 4525 949 4591; x_wconf 76' lang='lat'>190)</span> <span class='ocrx_word' id='word_1_326' title='bbox 967 4525 1063 4574; x_wconf 84' lang='lat' dir='ltr'>laudata</span> <span class='ocrx_word' id='word_1_327' title='bbox 1076 4523 1206 4574; x_wconf 77' lang='lat' dir='ltr'>infeliciter</span> <span class='ocrx_word' id='word_1_328' title='bbox 1214 4523 1323 4572; x_wconf 82' lang='lat' dir='ltr'>evincere</span> <span class='ocrx_word' id='word_1_329' title='bbox 1332 4521 1426 4573; x_wconf 84' lang='lat' dir='ltr'>studuit</span> <span class='ocrx_word' id='word_1_330' title='bbox 1433 4521 1504 4572; x_wconf 66' lang='lat' dir='ltr'>aaa·</span> 
     </span>
     <span class='ocr_line' id='line_1_41' title="bbox 306 4605 1307 4674; baseline -0.001 -18"><span class='ocrx_word' id='word_1_331' title='bbox 306 4607 386 4674; x_wconf 88' lang='lat' dir='ltr'>pidem</span> <span class='ocrx_word' id='word_1_332' title='bbox 403 4622 532 4671; x_wconf 85' lang='lat' dir='ltr'>numqusm</span> <span class='ocrx_word' id='word_1_333' title='bbox 550 4623 563 4655; x_wconf 89' lang='lat' dir='ltr'>e</span> <span class='ocrx_word' id='word_1_334' title='bbox 580 4605 616 4656; x_wconf 90' lang='lat' dir='ltr'>sui</span> <span class='ocrx_word' id='word_1_335' title='bbox 633 4606 708 4655; x_wconf 85' lang='lat' dir='ltr'>animi</span> <span class='ocrx_word' id='word_1_336' title='bbox 730 4607 847 4656; x_wconf 83' lang='lat' dir='ltr'>sententis</span> <span class='ocrx_word' id='word_1_337' title='bbox 864 4622 948 4658; x_wconf 85' lang='lat' dir='ltr'>sexum</span> <span class='ocrx_word' id='word_1_338' title='bbox 965 4607 1105 4659; x_wconf 86' lang='lat' dir='ltr'>muliebrem</span> <span class='ocrx_word' id='word_1_339' title='bbox 1121 4607 1307 4674; x_wconf 87' lang='lat' dir='ltr'>reprehendisse.</span> 
     </span>
    </p>
   </div>
   <div class='ocr_carea' id='block_1_7' title="bbox 0 0 1716 5362">
    <p class='ocr_par' dir='ltr' id='par_1_13' title="bbox 0 0 1716 5362">
     <span class='ocr_line' id='line_1_42' title="bbox 0 0 1716 5362; baseline 0 2"><span class='ocrx_word' id='word_1_340' title='bbox 0 0 1716 5362; x_wconf 95' lang='lat' dir='ltr'> </span> 
     </span>
    </p>
   </div>
  </div>
 </body>
</html>
