3422 5362
871 426 935 494 186

343 610 479 680 Difficile
497 616 547 680 ast
564 614 657 702 plura
674 611 825 700 colligere
842 612 882 678 de
901 611 967 678 eius
987 609 1193 698 opinionibus
1204 611 1244 676 ad
1254 609 1485 698 rempublicam

298 720 552 806 pertinentibus3
581 722 690 807 itaque
721 721 800 788 haec
828 720 1000 804 hactenus,
1033 723 1070 784 nt
1099 723 1207 784 autem
1235 717 1322 784 brevi
1344 722 1487 803 repetam

299 848 382 913 quae
411 829 450 892 de
480 827 540 893 bac
570 850 604 893 re
634 827 713 893 mihi
744 827 905 913 disputata
929 828 1023 891 sunt:
1048 825 1194 911 Euripidi
1217 824 1361 910 quamvis
1384 825 1488 890 otium
1576 854 1578 859 ·

300 933 362 998 sibi
393 933 523 1018 eligenti
552 937 660 1000 tamen
691 934 797 1019 patria
828 932 1009 1009 carissima,
1033 932 1163 1018 eiusque
1185 932 1271 998 salus
1294 951 1488 1016 magnopere

300 1039 389 1106 cordi
410 1042 492 1118 erat;
514 1040 549 1105 in
569 1062 606 1106 ea
624 1043 766 1127 regenda
785 1044 892 1106 autem
913 1038 1140 1106 democratiam
1157 1037 1330 1106 Pericleam
1350 1037 1488 1102 maxime

300 1146 443 1212 omnium
466 1146 616 1231 probasse
638 1147 773 1213 videtur.

795 1463 990 1476 uun—n*-

744 1768 932 1856 enruu
957 1717 1035 1854 'ru

697 2001 744 2052 Du
768 2002 852 2052 ver
878 2000 1087 2053 Domusmos.

482 2179 501 2254 ἓ
526 2172 556 2236 l.
591 2171 642 2238 Do
663 2172 806 2238 mulcta
826 2193 918 2251 scau,
943 2193 1066 2249 amora,
1091 2171 1300 2236 matrimonio.
1348 2167 1350 2174 ’

487 2381 517 2423 a.
552 2355 807 2422 Graecorum
838 2354 1066 2440 opiniones
1099 2353 1308 2439 vulgares.

348 2541 396 2606 De
430 2539 582 2626 Euripide
615 2539 806 2605 feminarum
842 2560 931 2605 osore
966 2540 1136 2604 decantata
1169 2539 1235 2604 fere
1265 2538 1341 2602 sunt
1370 2535 1491 2600 omnia.

302 2647 386 2714 Nam
408 2647 443 2712 in
466 2649 779 2732 utramquepartem
804 2647 940 2712 multum
965 2647 1004 2710 de
1027 2666 1064 2710 aa
1087 2666 1121 2710 ra
1144 2644 1340 2729 disputatum
1361 2645 1426 2707 cst:
1447 2640 1489 2706 ab

301 2753 442 2838 antiquis
471 2752 500 2818 ai
523 2773 617 2816 sexus
636 2751 800 2817 muliebris
828 2752 934 2817 odium
958 2750 1183 2837 exprobratum
1208 2753 1273 2831 est3
1298 2747 1489 2814 recentiores

300 2858 443 2944 plerique
466 2857 681 2942 argumentati
704 2860 781 2921 eunt
803 2879 876 2922 eum
900 2857 926 2922 si
950 2859 1055 2921 totum
1080 2877 1190 2922 sexum
1213 2856 1331 2922 odisset
1351 2875 1418 2918 non
1439 2856 1491 2918 tot

299 2963 435 3030 feminas
457 2983 627 3049 generosas
647 2968 678 3029 et
696 2963 847 3029 amabiles
867 2964 1096 3049 producturum
1117 2963 1223 3028 fuisse.
1244 2961 1365 3026 Tamen
1385 2959 1490 3026 nescio

301 3093 344 3136 am
373 3072 443 3136 tota
469 3091 520 3136 res
552 3071 695 3136 nondum
725 3071 854 3155 penitus
887 3070 1051 3156 explorata
1081 3072 1115 3134 et
1139 3069 1291 3135 exhausta
1316 3068 1368 3132 sit.
1403 3064 1491 3142 Quae

301 3175 381 3245 mihi
400 3177 525 3243 videtur
547 3180 631 3242 recte
650 3176 818 3262 dijudicari
838 3199 904 3242 non
922 3199 1015 3262 posse
1034 3176 1096 3241 nisi
1115 3176 1280 3241 universus
1300 3173 1492 3239 feminarum

302 3287 405 3350 status
427 3285 512 3369 apud
536 3280 673 3350 Graecos
697 3283 791 3349 simul
815 3285 985 3368 spectetur.

347 3387 470 3456 Notum
493 3392 542 3454 est
564 3387 729 3474 Sophoclis
750 3389 937 3454 dicterium:
962 3387 1145 3474 Euripidem
1168 3388 1203 3451 in
1226 3385 1398 3472 tragoediis
1416 3387 1492 3449 tan-

299 3499 370 3562 tum
400 3495 546 3561 mulieres
577 3495 679 3561 odires
711 3494 810 3559 adua*
834 3496 887 3560 οὐκ
913 3495 942 3560 ἐν
966 3505 1004 3577 τῇ
1029 3493 1150 3574 κλίνῳ”.
1177 3490 1279 3568 ,Quod
1303 3511 1363 3576 ego
1385 3490 1493 3576 potius

301 3603 342 3668 ad
363 3604 464 3667 totam
484 3604 611 3686 gentem
633 3601 785 3668 Graecam
805 3601 1005 3667 referundum
1025 3621 1091 3666 esse
1109 3607 1206 3684 puto,
1227 3619 1340 3683 nempe
1357 3596 1492 3663 Graecos

302 3708 449 3775 mulieres
484 3711 611 3773 tantum
641 3731 763 3774 amasse
793 3710 891 3793 prout
920 3708 1117 3792 voluptatem
1149 3705 1355 3791 praeberent,
1382 3725 1493 3769 rerum

291 3818 337 3882 in
360 3814 509 3882 omnibus
531 3815 601 3880 aliis
625 3814 720 3880 rebus
743 3814 816 3886 odio
840 3814 995 3879 habuisse.

347 3922 438 3988 Inter
457 3922 569 4006 gentes
592 3919 873 4006 ludo-Europaeos
896 3941 995 4006 usque
1021 3921 1062 3984 ad
1084 3919 1169 3984 hanc
1191 3919 1330 3982 nostram
1356 3917 1494 3980 aetatem

302 4029 449 4095 nationes
479 4027 633 4093 Romanis
665 4030 820 4113 cognatae
842 4049 1017 4112 numquam
1042 4028 1135 4092 tanta
1158 4023 1362 4091 veneratione
1385 4044 1495 4088 sexum

300 4135 471 4202 femineum
496 4134 663 4199 coluerunt
683 4136 805 4220 quanta
825 4132 1023 4209 Germanae,
1045 4131 1152 4197 nullus
1172 4151 1246 4196 vero
1266 4127 1404 4215 populus
1422 4148 1494 4193 eum

300 4244 469 4328 tantopere
500 4239 693 4325 contempsit
724 4261 760 4305 ao
793 4238 917 4306 Gracci.
948 4238 1150 4304 Videbantur
1181 4236 1220 4302 iis
1252 4234 1397 4300 mulieres
1429 4254 1497 4299 esse

303 4369 405 4436 genus
427 4347 593 4414 hominum
618 4346 719 4412 multo
737 4345 898 4411 inferioris
920 4347 1016 4410 notae
1036 4366 1131 4429 quam
1153 4341 1231 4420 viri,
1250 4343 1416 4424 tamquam
1435 4338 1496 4404 viri

303 4456 477 4541 depravati.
508 4455 629 4520 Tamen
661 4451 734 4518 cum
765 4452 830 4518 illis
861 4451 1032 4518 vivendum
1064 4453 1151 4527 erat;
1185 4471 1259 4514 nam
1290 4446 1436 4533 Jupiter,
1459 4448 1497 4509 nt

305 4561 437 4630 Hesiodi
460 4560 564 4626 verbis
588 4562 659 4625 utar
682 4559 815 4645 (Thcog.
842 4559 906 4624 600
931 4559 1033 4647 sqq.),
1057 4557 1177 4623 malum
1200 4554 1326 4642 quidem
1348 4574 1400 4618 eas
1421 4550 1496 4616 viris
