3408 5360
579 1496 1003 1587 PROOEMIUM.

692 1755 890 1765 ———————-

242 1921 495 2007 Philosophandi
507 1923 648 1987 studium
661 1927 793 1987 naturae
805 1923 965 1989 humanae
977 1925 1110 1989 insitum
1123 1945 1190 1990 esse
1201 1925 1391 2010 penitusque

195 2028 358 2094 inhaerere
375 2029 509 2095 videtur.
534 2028 685 2104 Quamvis
708 2030 890 2112 paucissimi
911 2053 1092 2115 expressam
1104 2032 1302 2116 solidamque
1314 2032 1391 2096 doc-

194 2136 314 2200 trinam
338 2135 524 2199 inventione
548 2138 581 2197 et
606 2134 802 2218 cogitatione
825 2140 1051 2220 assequantur,
1078 2137 1195 2201 nedum
1222 2137 1392 2202 Platonem

195 2242 248 2307 rel
269 2240 475 2306 Aristotelem
498 2239 675 2304 subtilitate
699 2240 834 2304 scientia
856 2242 948 2324 copia
971 2247 1127 2326 aequent,
1156 2244 1211 2306 vix
1224 2242 1392 2327 quisquam

195 2347 369 2426 invenitur,
389 2347 450 2411 nisi
472 2346 515 2410 sit
537 2345 633 2429 plane
657 2350 764 2410 mente
788 2346 977 2422 destitutus,
1002 2346 1081 2431 quin
1105 2347 1277 2431 aliquando
1292 2347 1393 2411 medi-

195 2457 283 2518 tetur
308 2452 465 2517 derebus
489 2451 653 2529 humanis,
680 2453 719 2516 de
742 2452 859 2517 finibus
884 2453 1059 2531 bonorum,
1086 2455 1125 2517 de
1149 2453 1260 2517 mortis
1284 2474 1393 2517 neces·

195 2558 291 2623 sitate
314 2562 346 2622 et
369 2557 580 2632 obscuritate,
608 2595 647 2606 -
673 2559 770 2642 quin,
796 2562 831 2622 ut
854 2558 942 2623 brevi
966 2560 1086 2636 dicam,
1108 2581 1126 2622 a
1146 2559 1281 2643 singulis
1299 2559 1394 2624 rebus

195 2669 229 2729 et
250 2664 374 2729 casibus
398 2663 546 2728 humanis
569 2663 730 2747 profectus
754 2665 947 2749 cogitatione
968 2668 1111 2730 transeat
1132 2665 1167 2728 in
1191 2687 1299 2730 eorum
1319 2665 1393 2729 uui·

196 2771 281 2836 versi
305 2769 432 2854 generis
456 2770 770 2837 commentationem.

241 2876 370 2942 Etenim
390 2876 514 2940 fallitur
533 2876 648 2961 siquis
668 2880 761 2959 putat
778 2877 965 2941 eruditiores
988 2881 1116 2941 tantum
1141 2877 1286 2941 homines
1306 2897 1338 2941 se
1350 2879 1391 2941 ad

193 2981 375 3047 huiusmodi
409 2983 611 3066 quaestiones
644 2982 817 3064 inclinare;
854 3003 947 3067 saepe
971 2983 1057 3048 enim
1082 2983 1297 3067 congrediaris
1321 3003 1392 3047 cum

192 3088 378 3152 bominibus
401 3110 419 3154 e
439 3088 532 3172 plebe
555 3087 808 3172 simplicissimis,
832 3089 888 3172 qui
912 3110 979 3153 non
1006 3088 1111 3153 minus
1135 3089 1276 3153 studiose
1299 3110 1395 3173 super

193 3195 352 3260 universis
375 3194 469 3259 rebus
491 3194 668 3270 disserant,
692 3194 867 3278 inquibus
891 3195 970 3260 utile
996 3197 1044 3260 est
1068 3216 1169 3279 neque
1181 3195 1392 3279 injucundum
1445 3201 1450 3208 '

193 3305 306 3366 notare
336 3301 492 3365 orationis
515 3300 720 3385 asperitatem
744 3302 777 3364 et
799 3301 942 3386 inopiam
967 3301 1136 3366 sententiis
1160 3303 1234 3385 apte
1258 3301 1394 3365 distinc-

192 3411 289 3492 teque
313 3406 521 3472 enuntiandis
544 3406 710 3491 imparem.

240 3512 347 3578 Homo
368 3513 470 3599 igitur
493 3534 566 3578 vere
589 3517 637 3577 est
660 3509 731 3592 ζῷον
755 3513 934 3592 φιλόσοφον.

240 3619 347 3685 Facile
377 3623 486 3684 tamen
518 3618 713 3703 intelligitur
742 3619 817 3684 huic
847 3620 953 3684 studio
981 3619 1112 3704 ingenia
1135 3620 1320 3694 bominum,
1345 3619 1393 3683 vi·

192 3725 292 3792 vendi
316 3725 466 3804 rationes,
491 3728 636 3809 tempora
659 3724 722 3789 alia
745 3724 861 3802 favere,
887 3726 949 3790 alia
972 3725 1096 3791 officere
1119 3725 1298 3790 etobstare.
1317 3723 1395 3790 Pars

192 3831 362 3896 bominum
387 3831 497 3896 multis
518 3831 554 3896 in
574 3831 686 3909 rebus,
707 3853 766 3896 nec
787 3832 986 3916 gravioribus
1006 3835 1154 3909 tanturn,
1175 3834 1215 3896 ad
1235 3830 1394 3915 agendum

193 3959 264 4004 non
286 3937 438 4023 progredi
461 3938 589 4014 audent,
615 3937 675 4002 nisi
698 3960 802 4002 reruur
828 3961 951 4003 summa
968 3937 1396 4024 superstitioseconsidersta

192 4049 316 4110 certam
340 4045 425 4108 viam
445 4043 645 4120 invenerint3
665 4067 738 4128 pars
757 4066 832 4108 vero
852 4046 1081 4130 praetermissis
1101 4044 1395 4123 deliberationibus,

190 4151 347 4215 intimum
371 4151 529 4234 quendam
554 4150 654 4213 animi
678 4155 798 4214 motum
824 4150 926 4215 solum
951 4161 1119 4236 sequentes
1145 4150 1255 4214 ducem
1280 4149 1320 4213 sd
1342 4171 1396 4215 ac·

191 4257 301 4322 tiones
343 4255 513 4322 confestim
551 4257 810 4342 progrediuntur.
852 4256 1043 4322 Huiusmodi
1083 4256 1248 4319 bominum
1293 4275 1397 4320 mores

192 4361 449 4452 philosophandi
472 4362 610 4426 studium
636 4363 780 4447 profecto
803 4385 906 4448 neque
930 4366 1051 4448 augent
1074 4382 1132 4426 nec
1154 4360 1373 4426 corroborant.

240 4469 324 4536 'I'um
349 4469 372 4534 ii
395 4467 451 4554 qui
474 4490 597 4554 semper
619 4468 654 4534 in
678 4469 782 4536 media
806 4474 973 4536 versantur
995 4469 1079 4533 vitae
1105 4488 1210 4552 arena,
1237 4465 1302 4530 sive
1329 4488 1397 4530 ma-

190 4578 293 4646 nibus
314 4575 434 4640 victum
455 4580 644 4659 quaerentes
664 4575 730 4640 sive
751 4575 934 4641 muneribus
951 4575 1087 4660 publicis
1099 4572 1281 4656 fungentes,
1295 4571 1397 4636 inulto

1258 4691 1271 4740 l
