3422 5362
866 471 930 540 190

301 655 453 724 feminam
484 656 768 742 malam„quippe
799 679 881 742 qnae
911 656 955 722 sit
986 657 1104 742 viperis
1135 659 1169 722 et
1198 658 1275 744 igue
1298 658 1493 725 terribilius:

300 763 464 830 »τοσοῦτόν
495 765 587 839 ἐσμεν
612 764 773 840 ἀνθρώποις
798 763 926 828 caelat
950 761 1070 829 Eodem
1094 763 1161 829 fere
1184 765 1278 830 modo
1300 764 1492 845 Hermione,

298 873 469 956 postquam
488 869 685 936 crudelitatis
704 891 780 935 suae
798 869 973 955 poenituit,
994 868 1033 934 de
1052 869 1092 934 iis
1114 869 1257 955 loquitur
1276 872 1491 958 (ose-953).

299 973 407 1041 Etiam
427 975 554 1055 Medea,
574 978 744 1060 postquem
767 976 901 1041 alteram
921 974 1045 1041 Iasonis
1067 994 1197 1041 uxorem
1218 976 1395 1044 interficere
1413 997 1492 1044 con·

300 1082 426 1162 stituit,
445 1083 531 1168 quod
551 1102 584 1147 se
603 1103 670 1147 non
690 1083 801 1148 deceat
816 1081 953 1148 inimicis
974 1081 1093 1147 decimi
1113 1103 1197 1162 esse,
1211 1084 1368 1149 exclamat
1379 1085 1488 1171 (406):

819 1189 891 1270 πρὸς
916 1188 946 1254 δὲ
969 1189 1021 1254 καὶ
1043 1190 1231 1269 πεφύκαμεν

527 1303 690 1376 γυναῖκες,
715 1296 746 1366 ἐκ
770 1298 825 1373 μὲν
850 1293 934 1361 ἔσθλ’
957 1294 1231 1382 ἄμκχκνῶτκτκκ,

527 1408 627 1468 κακῶν
651 1402 682 1468 δὲ
706 1402 830 1468 πάντων
851 1402 990 1474 τέκτονες
1015 1403 1199 1483 cacavam
1214 1403 1249 1489 ¹).

345 1509 418 1577 Jam
450 1531 525 1575 vero
554 1509 717 1575 videamus
746 1508 823 1595 quid
854 1510 894 1574 de
922 1507 987 1573 illis
1018 1506 1053 1573 in
1076 1507 1194 1574 bonam
1217 1512 1342 1594 partem
1366 1509 1493 1577 dixerit.

300 1602 442 1682 Primum
463 1614 580 1680 multas
598 1616 633 1680 in
653 1614 816 1700 pulpitum
833 1615 962 1679 induxit
981 1615 1112 1680 summis
1133 1615 1492 1681 virtutibusinstructas

299 1722 332 1787 et
363 1726 502 1787 ornatas.
535 1721 746 1799 Alcestidem,
778 1725 814 1786 ut
846 1720 996 1785 maritum
1030 1724 1153 1799 servet,
1182 1722 1364 1788 voluntaria
1390 1727 1492 1788 morte

300 1829 557 1912 occumbentem
584 1826 830 1902 Andromachen
853 1848 978 1892 summa
1000 1827 1120 1911 pietate
1138 1827 1293 1893 'maritum
1316 1828 1493 1906 colentem

301 1934 473 2000 Macariam
497 1931 762 2019 Iphigeniamque
785 1933 870 1998 ultro
893 1954 952 2018 pro
978 1933 1084 2018 patria
1107 1937 1265 2020 mortuas3
1285 1934 1443 2000 Euadnen
1459 1939 1493 2002 et

300 2041 505 2107 Laodamiam
537 2039 585 2124 (in
609 2039 799 2126 Protesilao)
823 2042 958 2104 mortem
981 2041 1127 2123 petentes
1150 2062 1191 2105 ne
1214 2040 1336 2106 meritis
1359 2041 1491 2106 ametis-

300 2146 388 2212 simis
410 2147 476 2210 sint
498 2145 697 2230 superstitem
725 2143 941 2230 Polyxenam,
962 2144 1119 2231 virginem
1139 2165 1343 2231 generosam,
1365 2146 1491 2212 sortiter

300 2253 407 2319 evita
439 2251 670 2328 discedentem
699 2251 777 2336 quin
812 2250 908 2316 etiam
938 2249 1114 2328 Helenam,
1141 2251 1292 2317 feminam
1316 2255 1490 2319 secundum

300 2381 417 2426 norum
449 2357 594 2444 mythum
617 2357 844 2435 castissimam,
866 2360 973 2442 spreto
996 2356 1225 2442 Theoclymcni
1248 2359 1397 2445 conjugio
1421 2379 1490 2424 non

300 2465 369 2531 sine
399 2463 510 2530 mortis
540 2463 680 2550 periculo
704 2463 791 2528 velut
813 2463 947 2528 alteram
971 2462 1153 2548 Penelopen
1177 2468 1360 2530 manentem
1384 2465 1493 2531 mariti

301 2572 458 2638 redituml

207 2747 210 2756 ,
345 2679 527 2746 Sententiae
547 2677 713 2764 colligenti
732 2679 871 2744 occurrit
888 2679 1053 2744 universas
1072 2678 1219 2745 mulieres
1239 2703 1333 2767 saepe
1347 2681 1491 2748 infelices

301 2786 408 2852 vocari
427 2785 512 2871 quod
531 2784 689 2870 plerisque
706 2785 781 2849 odio
801 2785 867 2850 siut
885 2787 918 2849 et
937 2785 1116 2870 promiscue
1138 2807 1248 2852 omnes
1269 2787 1492 2873 vituperentur

204 2951 209 2959 .
302 2891 434 2978 (Melan.
453 2891 492 2960 fr.
516 2891 613 2977 496),
635 2893 703 2956 tum
723 2891 809 2976 quod
826 2891 866 2956 iis
886 2891 1088 2976 accipiendus
1108 2892 1343 2980 sitquicunque
1355 2896 1490 2962 maritus

300 3001 392 3065 detur
425 2997 480 3084 (cf.
504 2996 600 3083 Soph.
627 2997 719 3063 Terei
741 2997 781 3063 fr.
806 2996 903 3084 517),
928 3019 1031 3084 neque
1054 2997 1156 3066 ullum
1179 3001 1369 3067 domesticae
1393 3003 1489 3068 mise-

298 3105 364 3171 riae
395 3105 437 3171 sit
466 3105 680 3170 levamentum
703 3105 737 3170 in
761 3104 896 3190 publicis
919 3105 1220 3191 consuetudinibus,
1245 3109 1329 3193 quod
1354 3109 1490 3195 denique

300 3233 424 3278 summo
455 3212 562 3277 dolore
592 3210 709 3276 liberos
732 3213 900 3296 procreent
921 3211 1020 3297 (Med.
1048 3212 1251 3300 230-251).
1287 3213 1369 3280 Tum
1392 3215 1490 3281 etiam

300 3318 462 3384 mulierem
482 3340 555 3384 cum
575 3319 689 3403 perdet
705 3317 856 3382 maritum
875 3317 983 3382 omnia
1002 3319 1134 3403 perdere
1154 3316 1384 3406 (Andromach.
1398 3322 1490 3409 373).

345 3424 420 3491 Non
439 3446 550 3491 omnes
570 3445 636 3490 esse
653 3424 815 3509 improbas
833 3423 1015 3509 frequenter
1033 3425 1197 3492 indicavit.
1216 3424 1371 3493 Stobaeus
1383 3427 1491 3515 (69,7)

300 3553 339 3598 ex
370 3532 542 3598 Alcmeone
573 3529 626 3616 (fr.
656 3530 712 3616 79)
736 3529 832 3596 citat:
856 3551 986 3597 uxorem
1015 3552 1171 3597 summam
1194 3532 1379 3599 felicitatem
1401 3554 1489 3599 sum-

299 3661 447 3725 mamque
476 3637 634 3704 miseriam
665 3636 733 3702 viro
764 3635 876 3702 afferre
902 3658 1011 3723 posse,
1036 3642 1069 3703 et
1093 3639 1163 3725 (11)
1187 3661 1204 3704 e
1227 3637 1411 3727 Melanippo
1437 3640 1489 3730 (ir.

334 3885 362 3950 1>
379 3887 423 3936 Dr.
439 3885 469 3934 A.
488 3885 516 3933 A.
532 3883 623 3940 Brcut,
637 3881 763 3948 Euripides
778 3881 907 3933 mulierum
922 3897 976 3932 osor
990 3897 1048 3933 num
1063 3886 1127 3934 recte
1140 3883 1234 3934 dicatur
1248 3884 1323 3947 (Dira
1338 3884 1398 3952 phil.
1408 3886 1490 3937 Berol.

300 3967 390 4028 1859),
408 3983 447 4033 pq.
466 3967 498 4015 1³
514 3981 565 4030 sqq.
581 3965 703 4015 contendit
721 3965 832 4014 Medeam
848 3963 974 4024 εἰρωνικῶς
990 3965 1069 4030 loqui,
1087 3965 1264 4032 improbantem
1280 3967 1371 4018 scilicet
1382 3969 1490 4020 convicia

216 4097 218 4107 ἱ
299 4065 359 4115 quae
373 4049 399 4099 in
412 4047 512 4098 feminas
525 4045 611 4111 conjici
624 4046 722 4096 soleant.
738 4047 783 4097 Fac
800 4046 910 4096 Medeam
924 4047 954 4096 ad
968 4061 995 4095 ce
1009 4047 1140 4112 respicere,
1152 4050 1289 4098 tamennon
1298 4048 1386 4113 injuste
1395 4065 1491 4100 censere

299 4132 406 4192 videtum
422 4132 503 4196 itaque
519 4145 562 4194 ego
578 4129 650 4179 verbe
665 4128 708 4178 illa
724 4128 769 4178 lroc
785 4129 855 4178 modo
872 4129 1033 4194 interpretata
1049 4128 1135 4179 velim:
1152 4146 1246 4180 ‚nonne
1260 4132 1341 4182 dicitis
1354 4147 1397 4182 nos
1410 4133 1490 4184 solum

299 4215 330 4264 ad
351 4213 456 4264 facinore
477 4211 596 4262 molienda
613 4225 706 4275 sagaces
722 4213 788 4260 esec?
806 4211 916 4277 Optime!
940 4211 990 4275 ligo
1008 4227 1045 4261 mc
1061 4211 1193 4279 perfectam
1209 4212 1323 4264 laminam
1340 4213 1489 4281 paaubs'.

300 4297 382 4346 Irouia
399 4298 479 4347 cutem
494 4294 560 4346 nulla
574 4293 657 4344 rocula
669 4293 796 4344 indicatur.
814 4293 927 4359 Reliquas
940 4310 1034 4360 qnoque
1049 4310 1117 4344 sexus
1125 4295 1249 4347 muliebris
1257 4297 1452 4362 reprehensiones
1461 4296 1491 4348 ab

300 4379 358 4446 ipsis
374 4380 468 4430 feminis
482 4376 617 4430 enuntiatas
630 4391 652 4425 r.
668 4376 689 4425 d.
706 4377 783 4425 Breut
796 4375 886 4426 mnatre
900 4393 986 4443 negare
1000 4382 1098 4427 conatus
1113 4381 1160 4438 est;
1177 4379 1231 4445 Iph.
1248 4379 1302 4430 Aul.
1317 4395 1339 4430 r.
1356 4382 1433 4431 laea:
1453 4375 1491 4440 sle

300 4461 328 4527 γ’
346 4459 404 4524 ἀνὴρ
421 4461 539 4524 κραίνων
556 4462 678 4524 γυναικῶν
695 4459 784 4520 ’μυρίων
802 4457 858 4520 δρᾶν
876 4457 940 4522 eboc
956 4475 1015 4532 num
1033 4464 1096 4510 recte
1112 4462 1141 4511 sd
1158 4462 1235 4512 solnm
1253 4462 1371 4512 Achillem
1388 4463 1490 4523 referat,

303 4545 410 4596 incertus
429 4544 522 4595 haereo.
547 4541 667 4594 Nonnulli
687 4544 865 4607 expunxerunt3
889 4542 914 4591 in
936 4544 1019 4593 nestra
1038 4543 1175 4608 quaestione
1191 4544 1273 4609 utique
1289 4545 1359 4611 perri
1375 4546 1492 4595 momenti

302 4631 351 4690 est,
369 4627 426 4693 qnia
444 4625 570 4695 Iphigenia
585 4625 670 4676 ardore
688 4621 788 4690 abrepta
801 4639 887 4688 magne
904 4640 959 4675 cum
975 4625 1062 4675 mentis
1078 4626 1236 4677 mediatione
1251 4627 1365 4694 loquitur.
