<?xml version="1.0" encoding="UTF-8"?>
<!DOCTYPE html PUBLIC "-//W3C//DTD XHTML 1.0 Transitional//EN"
    "http://www.w3.org/TR/xhtml1/DTD/xhtml1-transitional.dtd">
<html xmlns="http://www.w3.org/1999/xhtml" xml:lang="en" lang="en">
 <head>
  <title>
</title>
<meta http-equiv="Content-Type" content="text/html;charset=utf-8" />
  <meta name='ocr-system' content='tesseract 3.04.00' />
  <meta name='ocr-capabilities' content='ocr_page ocr_carea ocr_par ocr_line ocrx_word'/>
</head>
<body>
  <div class='ocr_page' id='page_1' title='image "./commentatiodeeu00berlgoog_0045.png"; bbox 0 0 3408 5360; ppageno 0'>
   <div class='ocr_carea' id='block_1_1' title="bbox 759 382 962 494">
    <p class='ocr_par' dir='ltr' id='par_1_1' title="bbox 759 382 962 494">
     <span class='ocr_line' id='line_1_1' title="bbox 759 382 962 494; baseline -0.049 0"><span class='ocrx_word' id='word_1_1' title='bbox 759 382 962 494; x_wconf 75' lang='lat' dir='ltr'>‚ao&#39;</span> 
     </span>
    </p>
   </div>
   <div class='ocr_carea' id='block_1_2' title="bbox 287 600 1553 1640">
    <p class='ocr_par' dir='ltr' id='par_1_2' title="bbox 287 600 1484 1005">
     <span class='ocr_line' id='line_1_2' title="bbox 310 600 1476 688; baseline 0.001 -23"><span class='ocrx_word' id='word_1_2' title='bbox 310 604 381 669; x_wconf 90' lang='lat' dir='ltr'>.Ne</span> <span class='ocrx_word' id='word_1_3' title='bbox 403 606 512 668; x_wconf 86' lang='lat' dir='ltr'>tamen</span> <span class='ocrx_word' id='word_1_4' title='bbox 531 624 590 688; x_wconf 86' lang='lat' dir='ltr'>ego</span> <span class='ocrx_word' id='word_1_5' title='bbox 609 603 644 667; x_wconf 92' lang='lat' dir='ltr'>in</span> <span class='ocrx_word' id='word_1_6' title='bbox 662 600 815 687; x_wconf 79' lang='lat' dir='ltr'>Euripide</span> <span class='ocrx_word' id='word_1_7' title='bbox 835 601 1033 668; x_wconf 88' lang='lat' dir='ltr'>defendendo</span> <span class='ocrx_word' id='word_1_8' title='bbox 1053 604 1183 666; x_wconf 91' lang='lat' dir='ltr'>modum</span> <span class='ocrx_word' id='word_1_9' title='bbox 1196 601 1344 666; x_wconf 77' lang='lat' dir='ltr'>excedere</span> <span class='ocrx_word' id='word_1_10' title='bbox 1357 601 1476 678; x_wconf 86' lang='lat' dir='ltr'>videar,</span> 
     </span>
     <span class='ocr_line' id='line_1_3' title="bbox 287 705 1483 792; baseline -0.002 -19"><span class='ocrx_word' id='word_1_11' title='bbox 287 709 424 774; x_wconf 88' lang='lat' dir='ltr'>libenter</span> <span class='ocrx_word' id='word_1_12' title='bbox 456 712 627 774; x_wconf 79' lang='lat' dir='ltr'>concedam</span> <span class='ocrx_word' id='word_1_13' title='bbox 657 731 730 772; x_wconf 91' lang='lat' dir='ltr'>enm</span> <span class='ocrx_word' id='word_1_14' title='bbox 752 709 788 772; x_wconf 93' lang='lat' dir='ltr'>in</span> <span class='ocrx_word' id='word_1_15' title='bbox 812 708 861 772; x_wconf 89' lang='lat' dir='ltr'>his</span> <span class='ocrx_word' id='word_1_16' title='bbox 884 707 1084 773; x_wconf 78' lang='lat' dir='ltr'>adminiculis</span> <span class='ocrx_word' id='word_1_17' title='bbox 1110 710 1240 772; x_wconf 92' lang='lat' dir='ltr'>modum</span> <span class='ocrx_word' id='word_1_18' title='bbox 1265 707 1433 772; x_wconf 85' lang='lat' dir='ltr'>excessisse</span> <span class='ocrx_word' id='word_1_19' title='bbox 1445 705 1483 792; x_wconf 79' lang='lat'>¹).</span> 
     </span>
     <span class='ocr_line' id='line_1_4' title="bbox 287 810 1484 899; baseline -0.007 -17"><span class='ocrx_word' id='word_1_20' title='bbox 287 815 479 899; x_wconf 87' lang='lat' dir='ltr'>Plerumque</span> <span class='ocrx_word' id='word_1_21' title='bbox 509 815 570 878; x_wconf 90' lang='lat' dir='ltr'>sibi</span> <span class='ocrx_word' id='word_1_22' title='bbox 594 818 769 897; x_wconf 87' lang='lat' dir='ltr'>temperare</span> <span class='ocrx_word' id='word_1_23' title='bbox 793 813 912 895; x_wconf 85' lang='lat' dir='ltr'>nescit,</span> <span class='ocrx_word' id='word_1_24' title='bbox 938 817 970 877; x_wconf 90' lang='lat' dir='ltr'>et</span> <span class='ocrx_word' id='word_1_25' title='bbox 994 813 1079 898; x_wconf 91' lang='lat' dir='ltr'>quod</span> <span class='ocrx_word' id='word_1_26' title='bbox 1103 813 1138 876; x_wconf 93' lang='lat' dir='ltr'>in</span> <span class='ocrx_word' id='word_1_27' title='bbox 1164 835 1261 877; x_wconf 91' lang='lat' dir='ltr'>unum</span> <span class='ocrx_word' id='word_1_28' title='bbox 1284 811 1389 877; x_wconf 90' lang='lat' dir='ltr'>locum</span> <span class='ocrx_word' id='word_1_29' title='bbox 1413 810 1484 875; x_wconf 90' lang='lat' dir='ltr'>feli-</span> 
     </span>
     <span class='ocr_line' id='line_1_5' title="bbox 288 917 1484 1005; baseline -0.003 -19"><span class='ocrx_word' id='word_1_30' title='bbox 288 922 367 986; x_wconf 88' lang='lat' dir='ltr'>citer</span> <span class='ocrx_word' id='word_1_31' title='bbox 384 922 552 986; x_wconf 82' lang='lat' dir='ltr'>inventum</span> <span class='ocrx_word' id='word_1_32' title='bbox 573 923 642 985; x_wconf 85' lang='lat' dir='ltr'>erat</span> <span class='ocrx_word' id='word_1_33' title='bbox 660 921 778 1005; x_wconf 91' lang='lat' dir='ltr'>ubique</span> <span class='ocrx_word' id='word_1_34' title='bbox 797 920 951 985; x_wconf 89' lang='lat' dir='ltr'>adhibens</span> <span class='ocrx_word' id='word_1_35' title='bbox 971 921 1139 985; x_wconf 90' lang='lat' dir='ltr'>molestum</span> <span class='ocrx_word' id='word_1_36' title='bbox 1161 923 1193 983; x_wconf 93' lang='lat' dir='ltr'>et</span> <span class='ocrx_word' id='word_1_37' title='bbox 1204 919 1357 1003; x_wconf 81' lang='lat' dir='ltr'>frigidum</span> <span class='ocrx_word' id='word_1_38' title='bbox 1369 917 1484 982; x_wconf 89' lang='lat' dir='ltr'>reddit.</span> 
     </span>
    </p>

    <p class='ocr_par' dir='ltr' id='par_1_3' title="bbox 289 1026 1553 1640">
     <span class='ocr_line' id='line_1_6' title="bbox 336 1026 1484 1111; baseline -0.003 -19"><span class='ocrx_word' id='word_1_39' title='bbox 336 1027 408 1092; x_wconf 92' lang='lat' dir='ltr'>Hoc</span> <span class='ocrx_word' id='word_1_40' title='bbox 438 1027 579 1092; x_wconf 88' lang='lat' dir='ltr'>studium</span> <span class='ocrx_word' id='word_1_41' title='bbox 602 1027 767 1092; x_wconf 88' lang='lat' dir='ltr'>veritatem</span> <span class='ocrx_word' id='word_1_42' title='bbox 782 1043 902 1111; x_wconf 77' lang='lat' dir='ltr'>‘presse</span> <span class='ocrx_word' id='word_1_43' title='bbox 925 1026 1075 1090; x_wconf 91' lang='lat' dir='ltr'>imitandi</span> <span class='ocrx_word' id='word_1_44' title='bbox 1098 1047 1135 1090; x_wconf 89' lang='lat' dir='ltr'>eo</span> <span class='ocrx_word' id='word_1_45' title='bbox 1160 1047 1258 1110; x_wconf 90' lang='lat' dir='ltr'>usque</span> <span class='ocrx_word' id='word_1_46' title='bbox 1281 1045 1484 1110; x_wconf 81' lang='lat' dir='ltr'>progressum</span> 
     </span>
     <span class='ocr_line' id='line_1_7' title="bbox 290 1129 1485 1217; baseline -0.003 -20"><span class='ocrx_word' id='word_1_47' title='bbox 290 1135 339 1197; x_wconf 88' lang='lat' dir='ltr'>est</span> <span class='ocrx_word' id='word_1_48' title='bbox 362 1135 400 1196; x_wconf 89' lang='lat' dir='ltr'>ut</span> <span class='ocrx_word' id='word_1_49' title='bbox 421 1132 456 1195; x_wconf 91' lang='lat' dir='ltr'>in</span> <span class='ocrx_word' id='word_1_50' title='bbox 478 1131 607 1208; x_wconf 79' lang='lat' dir='ltr'>Electra</span> <span class='ocrx_word' id='word_1_51' title='bbox 630 1132 798 1196; x_wconf 89' lang='lat' dir='ltr'>manifesto</span> <span class='ocrx_word' id='word_1_52' title='bbox 822 1132 1024 1217; x_wconf 83' lang='lat' dir='ltr'>significans,</span> <span class='ocrx_word' id='word_1_53' title='bbox 1050 1153 1130 1216; x_wconf 88' lang='lat' dir='ltr'>quae</span> <span class='ocrx_word' id='word_1_54' title='bbox 1143 1131 1321 1215; x_wconf 83' lang='lat' dir='ltr'>Aeschylus</span> <span class='ocrx_word' id='word_1_55' title='bbox 1332 1131 1367 1194; x_wconf 90' lang='lat' dir='ltr'>in</span> <span class='ocrx_word' id='word_1_56' title='bbox 1381 1129 1485 1196; x_wconf 86' lang='lat' dir='ltr'>Ohoe·</span> 
     </span>
     <span class='ocr_line' id='line_1_8' title="bbox 289 1237 1553 1324; baseline 0.002 -24"><span class='ocrx_word' id='word_1_57' title='bbox 289 1237 399 1322; x_wconf 90' lang='lat' dir='ltr'>phoris</span> <span class='ocrx_word' id='word_1_58' title='bbox 423 1238 529 1302; x_wconf 90' lang='lat' dir='ltr'>minus</span> <span class='ocrx_word' id='word_1_59' title='bbox 552 1238 731 1322; x_wconf 83' lang='lat' dir='ltr'>probabilia</span> <span class='ocrx_word' id='word_1_60' title='bbox 754 1238 897 1304; x_wconf 87' lang='lat' dir='ltr'>finxisset</span> <span class='ocrx_word' id='word_1_61' title='bbox 910 1237 947 1324; x_wconf 75' lang='lat'>2),</span> <span class='ocrx_word' id='word_1_62' title='bbox 968 1259 1001 1302; x_wconf 90' lang='lat' dir='ltr'>se</span> <span class='ocrx_word' id='word_1_63' title='bbox 1021 1238 1125 1322; x_wconf 88' lang='lat' dir='ltr'>ipsum</span> <span class='ocrx_word' id='word_1_64' title='bbox 1146 1237 1278 1302; x_wconf 89' lang='lat' dir='ltr'>meliora</span> <span class='ocrx_word' id='word_1_65' title='bbox 1295 1237 1487 1302; x_wconf 73' lang='lat' dir='ltr'>substituere</span> <span class='ocrx_word' id='word_1_66' title='bbox 1551 1298 1553 1302; x_wconf 87' lang='lat'>.</span> 
     </span>
     <span class='ocr_line' id='line_1_9' title="bbox 290 1342 1486 1428; baseline 0.001 -21"><span class='ocrx_word' id='word_1_67' title='bbox 290 1345 459 1428; x_wconf 82' lang='lat' dir='ltr'>iudicet³)‚</span> <span class='ocrx_word' id='word_1_68' title='bbox 493 1347 578 1427; x_wconf 93' lang='lat' dir='ltr'>quod</span> <span class='ocrx_word' id='word_1_69' title='bbox 602 1367 699 1428; x_wconf 88' lang='lat' dir='ltr'>quam</span> <span class='ocrx_word' id='word_1_70' title='bbox 722 1345 765 1409; x_wconf 88' lang='lat' dir='ltr'>sit</span> <span class='ocrx_word' id='word_1_71' title='bbox 787 1367 806 1408; x_wconf 89' lang='lat' dir='ltr'>a</span> <span class='ocrx_word' id='word_1_72' title='bbox 829 1367 862 1409; x_wconf 90' lang='lat' dir='ltr'>re</span> <span class='ocrx_word' id='word_1_73' title='bbox 887 1344 1027 1409; x_wconf 90' lang='lat' dir='ltr'>alienum</span> <span class='ocrx_word' id='word_1_74' title='bbox 1052 1347 1084 1408; x_wconf 90' lang='lat' dir='ltr'>et</span> <span class='ocrx_word' id='word_1_75' title='bbox 1108 1343 1319 1409; x_wconf 88' lang='lat' dir='ltr'>concinnitati</span> <span class='ocrx_word' id='word_1_76' title='bbox 1343 1342 1486 1408; x_wconf 84' lang='lat' dir='ltr'>scenicae</span> 
     </span>
     <span class='ocr_line' id='line_1_10' title="bbox 291 1449 1487 1536; baseline -0.001 -22"><span class='ocrx_word' id='word_1_77' title='bbox 291 1470 475 1534; x_wconf 85' lang='lat' dir='ltr'>repugnans</span> <span class='ocrx_word' id='word_1_78' title='bbox 501 1451 715 1535; x_wconf 89' lang='lat' dir='ltr'>unusquisque</span> <span class='ocrx_word' id='word_1_79' title='bbox 738 1451 902 1535; x_wconf 83' lang='lat' dir='ltr'>intelligit.</span> <span class='ocrx_word' id='word_1_80' title='bbox 934 1449 985 1515; x_wconf 81' lang='lat' dir='ltr'>Sic</span> <span class='ocrx_word' id='word_1_81' title='bbox 1009 1451 1174 1515; x_wconf 82' lang='lat' dir='ltr'>veritatem</span> <span class='ocrx_word' id='word_1_82' title='bbox 1198 1454 1311 1536; x_wconf 90' lang='lat' dir='ltr'>petens</span> <span class='ocrx_word' id='word_1_83' title='bbox 1334 1449 1369 1514; x_wconf 88' lang='lat' dir='ltr'>in</span> <span class='ocrx_word' id='word_1_84' title='bbox 1393 1450 1487 1514; x_wconf 88' lang='lat' dir='ltr'>rebus</span> 
     </span>
     <span class='ocr_line' id='line_1_11' title="bbox 291 1555 1488 1640; baseline -0.002 -20"><span class='ocrx_word' id='word_1_85' title='bbox 291 1555 462 1621; x_wconf 81' lang='lat' dir='ltr'>levioribus</span> <span class='ocrx_word' id='word_1_86' title='bbox 484 1556 701 1621; x_wconf 88' lang='lat' dir='ltr'>sublimiorem</span> <span class='ocrx_word' id='word_1_87' title='bbox 721 1559 754 1620; x_wconf 91' lang='lat' dir='ltr'>et</span> <span class='ocrx_word' id='word_1_88' title='bbox 764 1556 922 1640; x_wconf 86' lang='lat' dir='ltr'>poeticam</span> <span class='ocrx_word' id='word_1_89' title='bbox 933 1555 1023 1621; x_wconf 90' lang='lat' dir='ltr'>illam</span> <span class='ocrx_word' id='word_1_90' title='bbox 1036 1556 1203 1621; x_wconf 84' lang='lat' dir='ltr'>veritatem</span> <span class='ocrx_word' id='word_1_91' title='bbox 1214 1556 1362 1640; x_wconf 75' lang='lat' dir='ltr'>perdidit,</span> <span class='ocrx_word' id='word_1_92' title='bbox 1376 1555 1488 1620; x_wconf 91' lang='lat' dir='ltr'>similis</span> 
     </span>
    </p>
   </div>
   <div class='ocr_carea' id='block_1_3' title="bbox 293 1823 1499 4612">
    <p class='ocr_par' dir='ltr' id='par_1_4' title="bbox 293 1823 1493 2385">
     <span class='ocr_line' id='line_1_12' title="bbox 293 1823 1492 1891; baseline -0.002 -15"><span class='ocrx_word' id='word_1_93' title='bbox 293 1826 379 1876; x_wconf 87' lang='lat' dir='ltr'>habere</span> <span class='ocrx_word' id='word_1_94' title='bbox 395 1841 467 1890; x_wconf 89' lang='lat' dir='ltr'>quam</span> <span class='ocrx_word' id='word_1_95' title='bbox 484 1823 585 1875; x_wconf 82' lang='lat' dir='ltr'>debilem</span> <span class='ocrx_word' id='word_1_96' title='bbox 603 1829 627 1876; x_wconf 92' lang='lat' dir='ltr'>et</span> <span class='ocrx_word' id='word_1_97' title='bbox 643 1825 775 1878; x_wconf 89' lang='lat' dir='ltr'>tremulum</span> <span class='ocrx_word' id='word_1_98' title='bbox 793 1829 831 1890; x_wconf 88' lang='lat' dir='ltr'>(nt</span> <span class='ocrx_word' id='word_1_99' title='bbox 849 1827 874 1876; x_wconf 91' lang='lat' dir='ltr'>in</span> <span class='ocrx_word' id='word_1_100' title='bbox 893 1826 1016 1877; x_wconf 88' lang='lat' dir='ltr'>Heraclid.</span> <span class='ocrx_word' id='word_1_101' title='bbox 1035 1825 1105 1888; x_wconf 79' lang='lat' dir='ltr'>hlur.)</span> <span class='ocrx_word' id='word_1_102' title='bbox 1124 1825 1378 1891; x_wconf 81' lang='lat' dir='ltr'>relregemclaudum.</span> <span class='ocrx_word' id='word_1_103' title='bbox 1397 1824 1492 1875; x_wconf 81' lang='lat' dir='ltr'>Philoc-</span> 
     </span>
     <span class='ocr_line' id='line_1_13' title="bbox 295 1908 1493 1975; baseline -0.003 -15"><span class='ocrx_word' id='word_1_104' title='bbox 295 1911 367 1960; x_wconf 80' lang='lat' dir='ltr'>tatem</span> <span class='ocrx_word' id='word_1_105' title='bbox 391 1911 472 1958; x_wconf 87' lang='lat' dir='ltr'>autem</span> <span class='ocrx_word' id='word_1_106' title='bbox 494 1908 562 1959; x_wconf 88' lang='lat' dir='ltr'>uobis</span> <span class='ocrx_word' id='word_1_107' title='bbox 582 1910 696 1974; x_wconf 86' lang='lat' dir='ltr'>proponit</span> <span class='ocrx_word' id='word_1_108' title='bbox 718 1910 846 1975; x_wconf 86' lang='lat' dir='ltr'>Sophocles</span> <span class='ocrx_word' id='word_1_109' title='bbox 870 1913 934 1959; x_wconf 90' lang='lat' dir='ltr'>tetro</span> <span class='ocrx_word' id='word_1_110' title='bbox 958 1909 1057 1959; x_wconf 86' lang='lat' dir='ltr'>vulnere</span> <span class='ocrx_word' id='word_1_111' title='bbox 1074 1909 1229 1960; x_wconf 88' lang='lat' dir='ltr'>laborantem.</span> <span class='ocrx_word' id='word_1_112' title='bbox 1257 1910 1299 1959; x_wconf 77' lang='lat' dir='ltr'>nt</span> <span class='ocrx_word' id='word_1_113' title='bbox 1315 1909 1411 1974; x_wconf 87' lang='lat' dir='ltr'>quidem</span> <span class='ocrx_word' id='word_1_114' title='bbox 1428 1923 1493 1956; x_wconf 88' lang='lat' dir='ltr'>mor·</span> 
     </span>
     <span class='ocr_line' id='line_1_14' title="bbox 294 1989 1493 2058; baseline 0 -19"><span class='ocrx_word' id='word_1_115' title='bbox 294 1989 338 2040; x_wconf 91' lang='lat' dir='ltr'>bns</span> <span class='ocrx_word' id='word_1_116' title='bbox 354 1989 404 2055; x_wconf 85' lang='lat' dir='ltr'>ipse</span> <span class='ocrx_word' id='word_1_117' title='bbox 424 1989 534 2040; x_wconf 87' lang='lat' dir='ltr'>miseriae</span> <span class='ocrx_word' id='word_1_118' title='bbox 551 1991 604 2040; x_wconf 81' lang='lat' dir='ltr'>fons</span> <span class='ocrx_word' id='word_1_119' title='bbox 623 2007 670 2041; x_wconf 90' lang='lat' dir='ltr'>non</span> <span class='ocrx_word' id='word_1_120' title='bbox 688 2008 700 2041; x_wconf 95' lang='lat' dir='ltr'>e</span> <span class='ocrx_word' id='word_1_121' title='bbox 717 1995 801 2058; x_wconf 90' lang='lat' dir='ltr'>poetae</span> <span class='ocrx_word' id='word_1_122' title='bbox 818 1996 897 2042; x_wconf 89' lang='lat' dir='ltr'>mente</span> <span class='ocrx_word' id='word_1_123' title='bbox 915 1991 1040 2042; x_wconf 86' lang='lat' dir='ltr'>arcessitus</span> <span class='ocrx_word' id='word_1_124' title='bbox 1057 1993 1098 2041; x_wconf 86' lang='lat' dir='ltr'>sed</span> <span class='ocrx_word' id='word_1_125' title='bbox 1118 1992 1170 2058; x_wconf 87' lang='lat' dir='ltr'>ipso</span> <span class='ocrx_word' id='word_1_126' title='bbox 1187 1992 1270 2057; x_wconf 82' lang='lat' dir='ltr'>mytho</span> <span class='ocrx_word' id='word_1_127' title='bbox 1286 1991 1401 2050; x_wconf 84' lang='lat' dir='ltr'>traditus;</span> <span class='ocrx_word' id='word_1_128' title='bbox 1412 1992 1493 2056; x_wconf 86' lang='lat' dir='ltr'>potest</span> 
     </span>
     <span class='ocr_line' id='line_1_15' title="bbox 294 2070 1492 2138; baseline 0.001 -17"><span class='ocrx_word' id='word_1_129' title='bbox 294 2076 376 2122; x_wconf 90' lang='lat' dir='ltr'>tamen</span> <span class='ocrx_word' id='word_1_130' title='bbox 392 2073 529 2137; x_wconf 87' lang='lat' dir='ltr'>responderi</span> <span class='ocrx_word' id='word_1_131' title='bbox 546 2072 608 2122; x_wconf 73' lang='grc' dir='ltr'>ἀλλ’</span> <span class='ocrx_word' id='word_1_132' title='bbox 625 2072 793 2135; x_wconf 67' lang='grc' dir='ltr'>ἀποκρύπτειν</span> <span class='ocrx_word' id='word_1_133' title='bbox 810 2073 860 2136; x_wconf 68' lang='grc' dir='ltr'>χρὴ</span> <span class='ocrx_word' id='word_1_134' title='bbox 877 2075 940 2138; x_wconf 91' lang='lat' dir='ltr'>quod</span> <span class='ocrx_word' id='word_1_135' title='bbox 958 2075 1054 2124; x_wconf 75' lang='lat' dir='ltr'>foedum</span> <span class='ocrx_word' id='word_1_136' title='bbox 1071 2082 1106 2124; x_wconf 86' lang='lat' dir='ltr'>est</span> <span class='ocrx_word' id='word_1_137' title='bbox 1125 2075 1168 2123; x_wconf 80' lang='grc' dir='ltr'>τόν</span> <span class='ocrx_word' id='word_1_138' title='bbox 1186 2091 1218 2137; x_wconf 78' lang='grc' dir='ltr'>γε</span> <span class='ocrx_word' id='word_1_139' title='bbox 1236 2070 1346 2131; x_wconf 72' lang='grc' dir='ltr'>ποιητήν.</span> <span class='ocrx_word' id='word_1_140' title='bbox 1366 2071 1492 2122; x_wconf 88' lang='lat' dir='ltr'>Verumin</span> 
     </span>
     <span class='ocr_line' id='line_1_16' title="bbox 295 2155 1492 2222; baseline -0.001 -18"><span class='ocrx_word' id='word_1_141' title='bbox 295 2155 430 2204; x_wconf 88' lang='lat' dir='ltr'>Philoctete</span> <span class='ocrx_word' id='word_1_142' title='bbox 448 2156 531 2205; x_wconf 90' lang='lat' dir='ltr'>multis</span> <span class='ocrx_word' id='word_1_143' title='bbox 547 2157 645 2206; x_wconf 85' lang='lat' dir='ltr'>videtur</span> <span class='ocrx_word' id='word_1_144' title='bbox 662 2157 802 2222; x_wconf 76' lang='lat' dir='ltr'>Euripidem</span> <span class='ocrx_word' id='word_1_145' title='bbox 821 2157 901 2222; x_wconf 88' lang='lat' dir='ltr'>potius</span> <span class='ocrx_word' id='word_1_146' title='bbox 918 2156 1027 2206; x_wconf 87' lang='lat' dir='ltr'>imitatus</span> <span class='ocrx_word' id='word_1_147' title='bbox 1044 2173 1093 2206; x_wconf 86' lang='lat' dir='ltr'>esse</span> <span class='ocrx_word' id='word_1_148' title='bbox 1110 2173 1182 2221; x_wconf 91' lang='lat' dir='ltr'>quam</span> <span class='ocrx_word' id='word_1_149' title='bbox 1199 2173 1269 2206; x_wconf 88' lang='lat' dir='ltr'>suum</span> <span class='ocrx_word' id='word_1_150' title='bbox 1285 2155 1409 2220; x_wconf 83' lang='lat' dir='ltr'>ingenium</span> <span class='ocrx_word' id='word_1_151' title='bbox 1425 2171 1492 2204; x_wconf 85' lang='lat' dir='ltr'>secu·</span> 
     </span>
     <span class='ocr_line' id='line_1_17' title="bbox 296 2236 1493 2304; baseline -0.002 -17"><span class='ocrx_word' id='word_1_152' title='bbox 296 2241 347 2295; x_wconf 84' lang='lat' dir='ltr'>tus,</span> <span class='ocrx_word' id='word_1_153' title='bbox 365 2236 395 2286; x_wconf 88' lang='lat' dir='ltr'>ob</span> <span class='ocrx_word' id='word_1_154' title='bbox 411 2237 436 2286; x_wconf 91' lang='lat' dir='ltr'>id</span> <span class='ocrx_word' id='word_1_155' title='bbox 453 2237 532 2302; x_wconf 90' lang='lat' dir='ltr'>ipsum</span> <span class='ocrx_word' id='word_1_156' title='bbox 549 2239 714 2304; x_wconf 83' lang='lat' dir='ltr'>reprehensus.</span> <span class='ocrx_word' id='word_1_157' title='bbox 739 2239 800 2288; x_wconf 90' lang='lat' dir='ltr'>Aiax</span> <span class='ocrx_word' id='word_1_158' title='bbox 814 2240 884 2289; x_wconf 90' lang='lat' dir='ltr'>heros</span> <span class='ocrx_word' id='word_1_159' title='bbox 901 2239 992 2290; x_wconf 87' lang='lat' dir='ltr'>medius</span> <span class='ocrx_word' id='word_1_160' title='bbox 1008 2241 1091 2290; x_wconf 86' lang='lat' dir='ltr'>sedens</span> <span class='ocrx_word' id='word_1_161' title='bbox 1108 2239 1173 2289; x_wconf 89' lang='lat' dir='ltr'>inter</span> <span class='ocrx_word' id='word_1_162' title='bbox 1188 2255 1274 2304; x_wconf 86' lang='lat' dir='ltr'>pecora</span> <span class='ocrx_word' id='word_1_163' title='bbox 1291 2241 1395 2288; x_wconf 88' lang='lat' dir='ltr'>mactata</span> <span class='ocrx_word' id='word_1_164' title='bbox 1412 2236 1493 2303; x_wconf 90' lang='lat' dir='ltr'>petias</span> 
     </span>
     <span class='ocr_line' id='line_1_18' title="bbox 295 2320 1066 2385; baseline 0.004 -16"><span class='ocrx_word' id='word_1_165' title='bbox 295 2335 407 2370; x_wconf 87' lang='lat' dir='ltr'>nauseam</span> <span class='ocrx_word' id='word_1_166' title='bbox 424 2323 466 2370; x_wconf 90' lang='lat' dir='ltr'>aut</span> <span class='ocrx_word' id='word_1_167' title='bbox 484 2320 560 2370; x_wconf 86' lang='lat' dir='ltr'>risam</span> <span class='ocrx_word' id='word_1_168' title='bbox 578 2337 673 2372; x_wconf 87' lang='lat' dir='ltr'>movere</span> <span class='ocrx_word' id='word_1_169' title='bbox 691 2321 773 2372; x_wconf 81' lang='lat' dir='ltr'>debuit</span> <span class='ocrx_word' id='word_1_170' title='bbox 790 2338 862 2385; x_wconf 87' lang='lat' dir='ltr'>quam</span> <span class='ocrx_word' id='word_1_171' title='bbox 878 2322 1066 2372; x_wconf 87' lang='lat' dir='ltr'>miserationem.</span> 
     </span>
    </p>

    <p class='ocr_par' dir='ltr' id='par_1_5' title="bbox 295 2401 1497 3128">
     <span class='ocr_line' id='line_1_19' title="bbox 329 2401 1495 2469; baseline -0.001 -18"><span class='ocrx_word' id='word_1_172' title='bbox 329 2403 426 2451; x_wconf 86' lang='lat' dir='ltr'>Orestes</span> <span class='ocrx_word' id='word_1_173' title='bbox 441 2419 535 2467; x_wconf 89' lang='lat' dir='ltr'>quoque</span> <span class='ocrx_word' id='word_1_174' title='bbox 551 2403 577 2452; x_wconf 91' lang='lat' dir='ltr'>in</span> <span class='ocrx_word' id='word_1_175' title='bbox 595 2403 708 2468; x_wconf 79' lang='lat' dir='ltr'>Aeschyli</span> <span class='ocrx_word' id='word_1_176' title='bbox 727 2404 897 2454; x_wconf 74' lang='lat' dir='ltr'>humenidibas</span> <span class='ocrx_word' id='word_1_177' title='bbox 914 2420 998 2454; x_wconf 87' lang='lat' dir='ltr'>manus</span> <span class='ocrx_word' id='word_1_178' title='bbox 1015 2403 1086 2454; x_wconf 90' lang='lat' dir='ltr'>habet</span> <span class='ocrx_word' id='word_1_179' title='bbox 1103 2405 1218 2469; x_wconf 81' lang='lat' dir='ltr'>sanguine</span> <span class='ocrx_word' id='word_1_180' title='bbox 1235 2404 1357 2455; x_wconf 85' lang='lat' dir='ltr'>madentes</span> <span class='ocrx_word' id='word_1_181' title='bbox 1374 2401 1420 2468; x_wconf 84' lang='lat' dir='ltr'>(vt.</span> <span class='ocrx_word' id='word_1_182' title='bbox 1438 2402 1495 2468; x_wconf 77' lang='lat' dir='ltr'>ta),</span> 
     </span>
     <span class='ocr_line' id='line_1_20' title="bbox 295 2485 1495 2552; baseline 0 -19"><span class='ocrx_word' id='word_1_183' title='bbox 295 2485 482 2551; x_wconf 77' lang='lat' dir='ltr'>Eumenidesque</span> <span class='ocrx_word' id='word_1_184' title='bbox 499 2485 564 2550; x_wconf 88' lang='lat' dir='ltr'>ipsae</span> <span class='ocrx_word' id='word_1_185' title='bbox 581 2489 677 2552; x_wconf 89' lang='lat' dir='ltr'>aspectu</span> <span class='ocrx_word' id='word_1_186' title='bbox 694 2491 763 2536; x_wconf 87' lang='lat' dir='ltr'>erant</span> <span class='ocrx_word' id='word_1_187' title='bbox 780 2487 937 2537; x_wconf 83' lang='lat' dir='ltr'>foedissimae.</span> <span class='ocrx_word' id='word_1_188' title='bbox 964 2489 1031 2537; x_wconf 87' lang='lat' dir='ltr'>Nota</span> <span class='ocrx_word' id='word_1_189' title='bbox 1048 2487 1121 2536; x_wconf 89' lang='lat' dir='ltr'>etiam</span> <span class='ocrx_word' id='word_1_190' title='bbox 1145 2489 1246 2538; x_wconf 84' lang='lat' dir='ltr'>Xerxem</span> <span class='ocrx_word' id='word_1_191' title='bbox 1268 2488 1294 2537; x_wconf 93' lang='lat' dir='ltr'>in</span> <span class='ocrx_word' id='word_1_192' title='bbox 1311 2485 1398 2536; x_wconf 88' lang='lat' dir='ltr'>Persis.</span> <span class='ocrx_word' id='word_1_193' title='bbox 1426 2485 1495 2534; x_wconf 86' lang='lat' dir='ltr'>Darii</span> 
     </span>
     <span class='ocr_line' id='line_1_21' title="bbox 295 2555 1494 2635; baseline -0.005 -11"><span class='ocrx_word' id='word_1_194' title='bbox 295 2574 380 2625; x_wconf 87' lang='lat' dir='ltr'>umbra</span> <span class='ocrx_word' id='word_1_195' title='bbox 397 2586 479 2622; x_wconf 82' lang='lat' dir='ltr'>rerunt</span> <span class='ocrx_word' id='word_1_196' title='bbox 495 2569 629 2618; x_wconf 87' lang='lat' dir='ltr'>absentium</span> <span class='ocrx_word' id='word_1_197' title='bbox 645 2585 733 2634; x_wconf 76' lang='lat' dir='ltr'>gnara,</span> <span class='ocrx_word' id='word_1_198' title='bbox 749 2574 833 2619; x_wconf 88' lang='lat' dir='ltr'>narrat</span> <span class='ocrx_word' id='word_1_199' title='bbox 850 2569 897 2635; x_wconf 84' lang='lat' dir='ltr'>(vs.</span> <span class='ocrx_word' id='word_1_200' title='bbox 916 2571 964 2618; x_wconf 82' lang='lat'>83³</span> <span class='ocrx_word' id='word_1_201' title='bbox 981 2571 1044 2635; x_wconf 89' lang='lat' dir='ltr'>sqq.)</span> <span class='ocrx_word' id='word_1_202' title='bbox 1068 2573 1145 2619; x_wconf 88' lang='lat' dir='ltr'>vestes</span> <span class='ocrx_word' id='word_1_203' title='bbox 1162 2571 1213 2635; x_wconf 85' lang='lat' dir='ltr'>regi</span> <span class='ocrx_word' id='word_1_204' title='bbox 1232 2571 1339 2620; x_wconf 87' lang='lat' dir='ltr'>discissae</span> <span class='ocrx_word' id='word_1_205' title='bbox 1350 2555 1411 2627; x_wconf 78' lang='lat' dir='ltr'>esse,</span> <span class='ocrx_word' id='word_1_206' title='bbox 1422 2570 1494 2618; x_wconf 84' lang='lat' dir='ltr'>Atos-</span> 
     </span>
     <span class='ocr_line' id='line_1_22' title="bbox 295 2649 1494 2720; baseline -0.005 -14"><span class='ocrx_word' id='word_1_207' title='bbox 295 2672 392 2720; x_wconf 87' lang='lat' dir='ltr'>samque</span> <span class='ocrx_word' id='word_1_208' title='bbox 408 2656 490 2703; x_wconf 88' lang='lat' dir='ltr'>monet</span> <span class='ocrx_word' id='word_1_209' title='bbox 508 2655 536 2701; x_wconf 92' lang='lat' dir='ltr'>nt</span> <span class='ocrx_word' id='word_1_210' title='bbox 552 2652 575 2700; x_wconf 90' lang='lat' dir='ltr'>ei</span> <span class='ocrx_word' id='word_1_211' title='bbox 592 2651 686 2701; x_wconf 82' lang='lat' dir='ltr'>obviam</span> <span class='ocrx_word' id='word_1_212' title='bbox 702 2654 740 2702; x_wconf 85' lang='lat' dir='ltr'>eat</span> <span class='ocrx_word' id='word_1_213' title='bbox 758 2653 875 2713; x_wconf 71' lang='grc' dir='ltr'>λαβοῦσα</span> <span class='ocrx_word' id='word_1_214' title='bbox 892 2652 985 2712; x_wconf 76' lang='grc' dir='ltr'><em>κόσμον</em></span> <span class='ocrx_word' id='word_1_215' title='bbox 1003 2649 1075 2709; x_wconf 67' lang='grc' dir='ltr'><strong><em>ὅστις</em></strong></span> <span class='ocrx_word' id='word_1_216' title='bbox 1093 2649 1222 2713; x_wconf 71' lang='grc' dir='ltr'><strong><em>εὐπρεπής.</em></strong></span> <span class='ocrx_word' id='word_1_217' title='bbox 1247 2655 1332 2702; x_wconf 89' lang='lat' dir='ltr'>Atossa</span> <span class='ocrx_word' id='word_1_218' title='bbox 1348 2653 1452 2701; x_wconf 81' lang='lat' dir='ltr'>testatur</span> <span class='ocrx_word' id='word_1_219' title='bbox 1469 2666 1494 2700; x_wconf 86' lang='lat' dir='ltr'>se</span> 
     </span>
     <span class='ocr_line' id='line_1_23' title="bbox 296 2733 1496 2798; baseline -0.005 -11"><span class='ocrx_word' id='word_1_220' title='bbox 296 2737 403 2788; x_wconf 88' lang='lat' dir='ltr'>omnium</span> <span class='ocrx_word' id='word_1_221' title='bbox 421 2733 540 2784; x_wconf 86' lang='lat' dir='ltr'>malorum</span> <span class='ocrx_word' id='word_1_222' title='bbox 556 2733 624 2782; x_wconf 88' lang='lat' dir='ltr'>nullo</span> <span class='ocrx_word' id='word_1_223' title='bbox 642 2733 718 2797; x_wconf 81' lang='lat' dir='ltr'>magis</span> <span class='ocrx_word' id='word_1_224' title='bbox 735 2749 870 2782; x_wconf 89' lang='lat' dir='ltr'>concussam</span> <span class='ocrx_word' id='word_1_225' title='bbox 888 2749 937 2782; x_wconf 91' lang='lat' dir='ltr'>esse</span> <span class='ocrx_word' id='word_1_226' title='bbox 954 2748 1026 2797; x_wconf 90' lang='lat' dir='ltr'>quam</span> <span class='ocrx_word' id='word_1_227' title='bbox 1042 2733 1086 2782; x_wconf 89' lang='lat' dir='ltr'>illa</span> <span class='ocrx_word' id='word_1_228' title='bbox 1103 2735 1205 2784; x_wconf 84' lang='lat' dir='ltr'>vestium</span> <span class='ocrx_word' id='word_1_229' title='bbox 1219 2735 1325 2786; x_wconf 84' lang='lat' dir='ltr'>infamia.</span> <span class='ocrx_word' id='word_1_230' title='bbox 1343 2733 1417 2782; x_wconf 88' lang='lat' dir='ltr'>Hisce</span> <span class='ocrx_word' id='word_1_231' title='bbox 1425 2734 1496 2798; x_wconf 88' lang='lat' dir='ltr'>poeta</span> 
     </span>
     <span class='ocr_line' id='line_1_24' title="bbox 296 2814 1496 2885; baseline -0.007 -15"><span class='ocrx_word' id='word_1_232' title='bbox 296 2820 386 2885; x_wconf 87' lang='lat' dir='ltr'>optime</span> <span class='ocrx_word' id='word_1_233' title='bbox 407 2816 515 2882; x_wconf 84' lang='lat' dir='ltr'>depinxit</span> <span class='ocrx_word' id='word_1_234' title='bbox 538 2816 666 2864; x_wconf 83' lang='lat' dir='ltr'>Persarum</span> <span class='ocrx_word' id='word_1_235' title='bbox 684 2815 812 2864; x_wconf 87' lang='lat' dir='ltr'>mollitiem</span> <span class='ocrx_word' id='word_1_236' title='bbox 830 2818 854 2863; x_wconf 87' lang='lat' dir='ltr'>et</span> <span class='ocrx_word' id='word_1_237' title='bbox 870 2814 944 2864; x_wconf 88' lang='lat' dir='ltr'>cladis</span> <span class='ocrx_word' id='word_1_238' title='bbox 960 2816 1118 2880; x_wconf 80' lang='lat' dir='ltr'>gravitatem,</span> <span class='ocrx_word' id='word_1_239' title='bbox 1136 2817 1218 2881; x_wconf 88' lang='lat' dir='ltr'>itaque</span> <span class='ocrx_word' id='word_1_240' title='bbox 1235 2832 1315 2882; x_wconf 81' lang='lat' dir='ltr'>regem</span> <span class='ocrx_word' id='word_1_241' title='bbox 1332 2815 1427 2864; x_wconf 86' lang='lat' dir='ltr'>induxit</span> <span class='ocrx_word' id='word_1_242' title='bbox 1443 2830 1496 2863; x_wconf 87' lang='lat' dir='ltr'>ves-</span> 
     </span>
     <span class='ocr_line' id='line_1_25' title="bbox 295 2896 1492 2963; baseline -0.006 -11"><span class='ocrx_word' id='word_1_243' title='bbox 295 2902 359 2952; x_wconf 86' lang='lat' dir='ltr'>tibus</span> <span class='ocrx_word' id='word_1_244' title='bbox 377 2899 480 2950; x_wconf 89' lang='lat' dir='ltr'>discissis</span> <span class='ocrx_word' id='word_1_245' title='bbox 497 2898 608 2962; x_wconf 90' lang='lat' dir='ltr'>omnique</span> <span class='ocrx_word' id='word_1_246' title='bbox 625 2900 712 2946; x_wconf 90' lang='lat' dir='ltr'>ornatu</span> <span class='ocrx_word' id='word_1_247' title='bbox 730 2896 832 2946; x_wconf 89' lang='lat' dir='ltr'>militari</span> <span class='ocrx_word' id='word_1_248' title='bbox 849 2900 945 2962; x_wconf 90' lang='lat' dir='ltr'>praeter</span> <span class='ocrx_word' id='word_1_249' title='bbox 963 2897 1102 2962; x_wconf 88' lang='lat' dir='ltr'>pharetram</span> <span class='ocrx_word' id='word_1_250' title='bbox 1118 2899 1205 2948; x_wconf 87' lang='lat' dir='ltr'>amisso</span> <span class='ocrx_word' id='word_1_251' title='bbox 1214 2897 1375 2948; x_wconf 86' lang='lat' dir='ltr'>miserabilem</span> <span class='ocrx_word' id='word_1_252' title='bbox 1384 2899 1492 2963; x_wconf 87' lang='lat' dir='ltr'>aspectu;</span> 
     </span>
     <span class='ocr_line' id='line_1_26' title="bbox 297 2979 1497 3046; baseline -0.006 -11"><span class='ocrx_word' id='word_1_253' title='bbox 297 2985 393 3035; x_wconf 80' lang='lat' dir='ltr'>ridetur</span> <span class='ocrx_word' id='word_1_254' title='bbox 410 2982 474 3030; x_wconf 92' lang='lat' dir='ltr'>enim</span> <span class='ocrx_word' id='word_1_255' title='bbox 491 2983 578 3029; x_wconf 78' lang='lat' dir='ltr'>Atussa</span> <span class='ocrx_word' id='word_1_256' title='bbox 594 2980 615 3029; x_wconf 86' lang='lat' dir='ltr'>ai</span> <span class='ocrx_word' id='word_1_257' title='bbox 633 2980 740 3029; x_wconf 88' lang='lat' dir='ltr'>nondam</span> <span class='ocrx_word' id='word_1_258' title='bbox 757 2995 811 3029; x_wconf 86' lang='lat' dir='ltr'>cum</span> <span class='ocrx_word' id='word_1_259' title='bbox 828 2979 977 3030; x_wconf 87' lang='lat' dir='ltr'>vestimentis</span> <span class='ocrx_word' id='word_1_260' title='bbox 994 2980 1095 3046; x_wconf 79' lang='lat' dir='ltr'>integris</span> <span class='ocrx_word' id='word_1_261' title='bbox 1113 2980 1207 3031; x_wconf 86' lang='lat' dir='ltr'>obviam</span> <span class='ocrx_word' id='word_1_262' title='bbox 1223 2996 1272 3031; x_wconf 85' lang='lat' dir='ltr'>esse</span> <span class='ocrx_word' id='word_1_263' title='bbox 1290 2982 1364 3039; x_wconf 87' lang='lat' dir='ltr'>lacta;</span> <span class='ocrx_word' id='word_1_264' title='bbox 1375 2980 1404 3029; x_wconf 86' lang='lat' dir='ltr'>cl.</span> <span class='ocrx_word' id='word_1_265' title='bbox 1414 2996 1437 3030; x_wconf 88' lang='lat' dir='ltr'>v.</span> <span class='ocrx_word' id='word_1_266' title='bbox 1447 2980 1497 3029; x_wconf 79' lang='lat'>850</span> 
     </span>
     <span class='ocr_line' id='line_1_27' title="bbox 298 3063 679 3128; baseline -0.01 -12"><span class='ocrx_word' id='word_1_267' title='bbox 298 3063 462 3128; x_wconf 66' lang='lat' dir='ltr'>acuatacuat,</span> <span class='ocrx_word' id='word_1_268' title='bbox 480 3064 546 3112; x_wconf 82' lang='lat'>1018</span> <span class='ocrx_word' id='word_1_269' title='bbox 564 3066 588 3112; x_wconf 86' lang='lat' dir='ltr'>et</span> <span class='ocrx_word' id='word_1_270' title='bbox 606 3064 679 3112; x_wconf 78' lang='lat'><strong>1030.</strong></span> 
     </span>
    </p>

    <p class='ocr_par' dir='ltr' id='par_1_6' title="bbox 298 3144 1499 3609">
     <span class='ocr_line' id='line_1_28' title="bbox 332 3144 1496 3214; baseline -0.003 -16"><span class='ocrx_word' id='word_1_271' title='bbox 332 3149 359 3214; x_wconf 92' lang='lat'>1)</span> <span class='ocrx_word' id='word_1_272' title='bbox 377 3148 422 3197; x_wconf 89' lang='lat' dir='ltr'>Sed</span> <span class='ocrx_word' id='word_1_273' title='bbox 439 3147 484 3196; x_wconf 90' lang='lat' dir='ltr'>hac</span> <span class='ocrx_word' id='word_1_274' title='bbox 501 3161 594 3212; x_wconf 86' lang='lat' dir='ltr'>quoqne</span> <span class='ocrx_word' id='word_1_275' title='bbox 612 3146 638 3194; x_wconf 92' lang='lat' dir='ltr'>in</span> <span class='ocrx_word' id='word_1_276' title='bbox 656 3161 681 3193; x_wconf 90' lang='lat' dir='ltr'>re</span> <span class='ocrx_word' id='word_1_277' title='bbox 699 3161 793 3195; x_wconf 88' lang='lat' dir='ltr'>morum</span> <span class='ocrx_word' id='word_1_278' title='bbox 810 3145 964 3209; x_wconf 82' lang='lat' dir='ltr'>antiquorum</span> <span class='ocrx_word' id='word_1_279' title='bbox 980 3146 1041 3195; x_wconf 89' lang='lat' dir='ltr'>ratio</span> <span class='ocrx_word' id='word_1_280' title='bbox 1057 3146 1164 3197; x_wconf 90' lang='lat' dir='ltr'>habenda</span> <span class='ocrx_word' id='word_1_281' title='bbox 1179 3150 1221 3198; x_wconf 89' lang='lat' dir='ltr'>est.</span> <span class='ocrx_word' id='word_1_282' title='bbox 1238 3148 1336 3196; x_wconf 86' lang='lat' dir='ltr'>Veteres</span> <span class='ocrx_word' id='word_1_283' title='bbox 1345 3146 1409 3196; x_wconf 91' lang='lat' dir='ltr'>enim</span> <span class='ocrx_word' id='word_1_284' title='bbox 1418 3144 1496 3196; x_wconf 88' lang='lat' dir='ltr'>multo</span> 
     </span>
     <span class='ocr_line' id='line_1_29' title="bbox 298 3226 1497 3295; baseline -0.003 -15"><span class='ocrx_word' id='word_1_285' title='bbox 298 3231 375 3280; x_wconf 87' lang='lat' dir='ltr'>lenius</span> <span class='ocrx_word' id='word_1_286' title='bbox 398 3245 470 3295; x_wconf 86' lang='lat' dir='ltr'>quarn</span> <span class='ocrx_word' id='word_1_287' title='bbox 494 3243 536 3277; x_wconf 89' lang='lat' dir='ltr'>nos</span> <span class='ocrx_word' id='word_1_288' title='bbox 551 3226 691 3291; x_wconf 87' lang='lat' dir='ltr'>judicabant</span> <span class='ocrx_word' id='word_1_289' title='bbox 709 3227 730 3276; x_wconf 88' lang='lat' dir='ltr'>sl</span> <span class='ocrx_word' id='word_1_290' title='bbox 746 3227 799 3292; x_wconf 87' lang='lat' dir='ltr'>quis</span> <span class='ocrx_word' id='word_1_291' title='bbox 816 3227 841 3277; x_wconf 90' lang='lat' dir='ltr'>in</span> <span class='ocrx_word' id='word_1_292' title='bbox 858 3227 980 3277; x_wconf 88' lang='lat' dir='ltr'>scribendo</span> <span class='ocrx_word' id='word_1_293' title='bbox 999 3229 1084 3278; x_wconf 85' lang='lat' dir='ltr'>ahenis</span> <span class='ocrx_word' id='word_1_294' title='bbox 1100 3229 1168 3279; x_wconf 92' lang='lat' dir='ltr'>bonis</span> <span class='ocrx_word' id='word_1_295' title='bbox 1186 3233 1295 3279; x_wconf 90' lang='lat' dir='ltr'>uteretur</span> <span class='ocrx_word' id='word_1_296' title='bbox 1312 3232 1353 3279; x_wconf 92' lang='lat' dir='ltr'>aut</span> <span class='ocrx_word' id='word_1_297' title='bbox 1371 3245 1413 3278; x_wconf 90' lang='lat' dir='ltr'>sna</span> <span class='ocrx_word' id='word_1_298' title='bbox 1430 3243 1497 3292; x_wconf 90' lang='lat' dir='ltr'>repe-</span> 
     </span>
     <span class='ocr_line' id='line_1_30' title="bbox 299 3309 1498 3378; baseline -0.003 -15"><span class='ocrx_word' id='word_1_299' title='bbox 299 3316 368 3364; x_wconf 83' lang='lat' dir='ltr'>teret.</span> <span class='ocrx_word' id='word_1_300' title='bbox 397 3313 427 3361; x_wconf 92' lang='lat' dir='ltr'>In</span> <span class='ocrx_word' id='word_1_301' title='bbox 453 3311 498 3361; x_wconf 92' lang='lat' dir='ltr'>hac</span> <span class='ocrx_word' id='word_1_302' title='bbox 524 3311 593 3376; x_wconf 90' lang='lat' dir='ltr'>culpa</span> <span class='ocrx_word' id='word_1_303' title='bbox 616 3326 664 3360; x_wconf 86' lang='lat' dir='ltr'>aon</span> <span class='ocrx_word' id='word_1_304' title='bbox 687 3309 751 3359; x_wconf 84' lang='lat' dir='ltr'>solus</span> <span class='ocrx_word' id='word_1_305' title='bbox 768 3313 804 3359; x_wconf 86' lang='lat' dir='ltr'>cst</span> <span class='ocrx_word' id='word_1_306' title='bbox 821 3310 955 3376; x_wconf 76' lang='lat' dir='ltr'>Euripides.</span> <span class='ocrx_word' id='word_1_307' title='bbox 982 3313 1036 3377; x_wconf 87' lang='lat' dir='ltr'>Ipse</span> <span class='ocrx_word' id='word_1_308' title='bbox 1054 3313 1117 3378; x_wconf 87' lang='lat' dir='ltr'>apud</span> <span class='ocrx_word' id='word_1_309' title='bbox 1133 3312 1257 3378; x_wconf 83' lang='lat' dir='ltr'>Aristoph.</span> <span class='ocrx_word' id='word_1_310' title='bbox 1274 3313 1347 3377; x_wconf 82' lang='lat' dir='ltr'>(Ram</span> <span class='ocrx_word' id='word_1_311' title='bbox 1368 3312 1417 3360; x_wconf 81' lang='lat'>910</span> <span class='ocrx_word' id='word_1_312' title='bbox 1434 3312 1498 3375; x_wconf 84' lang='lat' dir='ltr'>sqq.)</span> 
     </span>
     <span class='ocr_line' id='line_1_31' title="bbox 298 3393 1499 3460; baseline -0.003 -14"><span class='ocrx_word' id='word_1_313' title='bbox 298 3394 415 3459; x_wconf 74' lang='lat' dir='ltr'>Aeschylo</span> <span class='ocrx_word' id='word_1_314' title='bbox 437 3393 521 3457; x_wconf 85' lang='lat' dir='ltr'>objicit</span> <span class='ocrx_word' id='word_1_315' title='bbox 542 3394 606 3458; x_wconf 89' lang='lat' dir='ltr'>quod</span> <span class='ocrx_word' id='word_1_316' title='bbox 629 3393 655 3442; x_wconf 93' lang='lat' dir='ltr'>in</span> <span class='ocrx_word' id='word_1_317' title='bbox 680 3394 816 3442; x_wconf 86' lang='lat' dir='ltr'>dramatum</span> <span class='ocrx_word' id='word_1_318' title='bbox 839 3393 942 3444; x_wconf 87' lang='lat' dir='ltr'>exordiis</span> <span class='ocrx_word' id='word_1_319' title='bbox 960 3395 1098 3458; x_wconf 84' lang='lat' dir='ltr'>frequenter</span> <span class='ocrx_word' id='word_1_320' title='bbox 1115 3394 1260 3460; x_wconf 82' lang='lat' dir='ltr'>producebat</span> <span class='ocrx_word' id='word_1_321' title='bbox 1276 3410 1389 3460; x_wconf 89' lang='lat' dir='ltr'>personas</span> <span class='ocrx_word' id='word_1_322' title='bbox 1405 3393 1448 3442; x_wconf 92' lang='lat' dir='ltr'>diu</span> <span class='ocrx_word' id='word_1_323' title='bbox 1465 3393 1499 3442; x_wconf 92' lang='lat' dir='ltr'>si·</span> 
     </span>
     <span class='ocr_line' id='line_1_32' title="bbox 298 3473 1495 3542; baseline -0.003 -14"><span class='ocrx_word' id='word_1_324' title='bbox 298 3477 383 3528; x_wconf 84' lang='lat' dir='ltr'>lentae.</span> <span class='ocrx_word' id='word_1_325' title='bbox 401 3477 566 3526; x_wconf 86' lang='lat' dir='ltr'>Nomiaentnr</span> <span class='ocrx_word' id='word_1_326' title='bbox 582 3475 616 3524; x_wconf 94' lang='lat' dir='ltr'>ibi</span> <span class='ocrx_word' id='word_1_327' title='bbox 634 3474 711 3525; x_wconf 88' lang='lat' dir='ltr'>Nioba</span> <span class='ocrx_word' id='word_1_328' title='bbox 728 3478 753 3526; x_wconf 90' lang='lat' dir='ltr'>et</span> <span class='ocrx_word' id='word_1_329' title='bbox 769 3475 874 3526; x_wconf 87' lang='lat' dir='ltr'>Achilles</span> <span class='ocrx_word' id='word_1_330' title='bbox 891 3475 929 3542; x_wconf 88' lang='lat' dir='ltr'>(in</span> <span class='ocrx_word' id='word_1_331' title='bbox 947 3477 1060 3526; x_wconf 87' lang='lat' dir='ltr'>Hectoris</span> <span class='ocrx_word' id='word_1_332' title='bbox 1077 3473 1196 3540; x_wconf 70' lang='grc' dir='ltr'>λύτροις),</span> <span class='ocrx_word' id='word_1_333' title='bbox 1214 3477 1270 3526; x_wconf 89' lang='lat' dir='ltr'>eddi</span> <span class='ocrx_word' id='word_1_334' title='bbox 1281 3480 1382 3542; x_wconf 86' lang='lat' dir='ltr'>possunt</span> <span class='ocrx_word' id='word_1_335' title='bbox 1397 3476 1495 3526; x_wconf 87' lang='lat' dir='ltr'>Prome·</span> 
     </span>
     <span class='ocr_line' id='line_1_33' title="bbox 299 3559 568 3609; baseline -0.007 0"><span class='ocrx_word' id='word_1_336' title='bbox 299 3560 369 3609; x_wconf 83' lang='lat' dir='ltr'>theut</span> <span class='ocrx_word' id='word_1_337' title='bbox 385 3562 410 3608; x_wconf 91' lang='lat' dir='ltr'>et</span> <span class='ocrx_word' id='word_1_338' title='bbox 428 3559 568 3608; x_wconf 88' lang='lat' dir='ltr'>Cassandra.</span> 
     </span>
    </p>

    <p class='ocr_par' dir='ltr' id='par_1_7' title="bbox 300 3637 1497 3872">
     <span class='ocr_line' id='line_1_34' title="bbox 334 3637 1496 3708; baseline -0.003 -16"><span class='ocrx_word' id='word_1_339' title='bbox 334 3642 362 3708; x_wconf 76' lang='lat'>2)</span> <span class='ocrx_word' id='word_1_340' title='bbox 379 3641 534 3706; x_wconf 75' lang='lat' dir='ltr'>Agnitionem</span> <span class='ocrx_word' id='word_1_341' title='bbox 557 3642 656 3690; x_wconf 86' lang='lat' dir='ltr'>Orestae</span> <span class='ocrx_word' id='word_1_342' title='bbox 676 3638 705 3691; x_wconf 83' lang='lat' dir='ltr'>ab</span> <span class='ocrx_word' id='word_1_343' title='bbox 721 3641 817 3690; x_wconf 79' lang='lat' dir='ltr'>Electra</span> <span class='ocrx_word' id='word_1_344' title='bbox 834 3639 954 3706; x_wconf 86' lang='lat' dir='ltr'>(Choeph.</span> <span class='ocrx_word' id='word_1_345' title='bbox 973 3641 1118 3700; x_wconf 78' lang='lat' dir='ltr'>lca-178,</span> <span class='ocrx_word' id='word_1_346' title='bbox 1138 3641 1284 3701; x_wconf 78' lang='lat' dir='ltr'>cot-210,</span> <span class='ocrx_word' id='word_1_347' title='bbox 1304 3640 1437 3692; x_wconf 69' lang='lat'>226-229</span> <span class='ocrx_word' id='word_1_348' title='bbox 1457 3637 1496 3690; x_wconf 91' lang='lat' dir='ltr'>ubi</span> 
     </span>
     <span class='ocr_line' id='line_1_35' title="bbox 300 3723 1497 3790; baseline 0 -16"><span class='ocrx_word' id='word_1_349' title='bbox 300 3739 357 3774; x_wconf 87' lang='lat' dir='ltr'>sane</span> <span class='ocrx_word' id='word_1_350' title='bbox 373 3725 424 3789; x_wconf 89' lang='lat' dir='ltr'>ipse</span> <span class='ocrx_word' id='word_1_351' title='bbox 441 3726 537 3774; x_wconf 88' lang='lat' dir='ltr'>Orestes</span> <span class='ocrx_word' id='word_1_352' title='bbox 554 3724 698 3788; x_wconf 86' lang='lat' dir='ltr'>Aeschyleus</span> <span class='ocrx_word' id='word_1_353' title='bbox 715 3739 822 3773; x_wconf 86' lang='lat' dir='ltr'>sororem</span> <span class='ocrx_word' id='word_1_354' title='bbox 838 3723 927 3788; x_wconf 83' lang='lat' dir='ltr'>partim</span> <span class='ocrx_word' id='word_1_355' title='bbox 941 3723 1078 3788; x_wconf 87' lang='lat' dir='ltr'>vituperare</span> <span class='ocrx_word' id='word_1_356' title='bbox 1093 3724 1199 3787; x_wconf 88' lang='lat' dir='ltr'>ridetur)</span> <span class='ocrx_word' id='word_1_357' title='bbox 1213 3724 1356 3790; x_wconf 78' lang='lat' dir='ltr'>carpithlur.</span> <span class='ocrx_word' id='word_1_358' title='bbox 1367 3724 1404 3773; x_wconf 75' lang='lat' dir='ltr'>cl.</span> <span class='ocrx_word' id='word_1_359' title='bbox 1414 3725 1497 3774; x_wconf 83' lang='lat' dir='ltr'>etc-</span> 
     </span>
     <span class='ocr_line' id='line_1_36' title="bbox 302 3806 1397 3872; baseline 0 -16"><span class='ocrx_word' id='word_1_360' title='bbox 302 3809 349 3858; x_wconf 79' lang='lat' dir='ltr'>tte</span> <span class='ocrx_word' id='word_1_361' title='bbox 367 3807 526 3856; x_wconf 89' lang='lat' dir='ltr'>strationem</span> <span class='ocrx_word' id='word_1_362' title='bbox 544 3824 591 3871; x_wconf 89' lang='lat' dir='ltr'>qua</span> <span class='ocrx_word' id='word_1_363' title='bbox 608 3808 671 3872; x_wconf 90' lang='lat' dir='ltr'>apud</span> <span class='ocrx_word' id='word_1_364' title='bbox 688 3806 771 3856; x_wconf 90' lang='lat' dir='ltr'>Aesch.</span> <span class='ocrx_word' id='word_1_365' title='bbox 790 3808 887 3856; x_wconf 88' lang='lat' dir='ltr'>Orestes</span> <span class='ocrx_word' id='word_1_366' title='bbox 903 3808 1006 3854; x_wconf 91' lang='lat' dir='ltr'>matrem</span> <span class='ocrx_word' id='word_1_367' title='bbox 1023 3806 1109 3856; x_wconf 88' lang='lat' dir='ltr'>occidit</span> <span class='ocrx_word' id='word_1_368' title='bbox 1127 3823 1150 3856; x_wconf 85' lang='lat' dir='ltr'>v.</span> <span class='ocrx_word' id='word_1_369' title='bbox 1170 3806 1303 3858; x_wconf 78' lang='lat' dir='ltr'>ele-617</span> <span class='ocrx_word' id='word_1_370' title='bbox 1321 3808 1397 3858; x_wconf 84' lang='lat' dir='ltr'>notat</span> 
     </span>
    </p>

    <p class='ocr_par' dir='ltr' id='par_1_8' title="bbox 301 3882 1499 4282">
     <span class='ocr_line' id='line_1_37' title="bbox 335 3882 1497 3956; baseline -0.003 -17"><span class='ocrx_word' id='word_1_371' title='bbox 335 3892 362 3954; x_wconf 83' lang='lat'>3)</span> <span class='ocrx_word' id='word_1_372' title='bbox 381 3888 456 3939; x_wconf 90' lang='lat' dir='ltr'>Plura</span> <span class='ocrx_word' id='word_1_373' title='bbox 472 3889 577 3939; x_wconf 89' lang='lat' dir='ltr'>eiusdem</span> <span class='ocrx_word' id='word_1_374' title='bbox 595 3889 688 3954; x_wconf 84' lang='lat' dir='ltr'>generis</span> <span class='ocrx_word' id='word_1_375' title='bbox 705 3893 797 3939; x_wconf 87' lang='lat' dir='ltr'>exstare</span> <span class='ocrx_word' id='word_1_376' title='bbox 814 3887 928 3953; x_wconf 89' lang='lat' dir='ltr'>suspicor.</span> <span class='ocrx_word' id='word_1_377' title='bbox 947 3889 1050 3938; x_wconf 80' lang='lat' dir='ltr'>Theseus</span> <span class='ocrx_word' id='word_1_378' title='bbox 1066 3887 1092 3937; x_wconf 93' lang='lat' dir='ltr'>in</span> <span class='ocrx_word' id='word_1_379' title='bbox 1108 3882 1191 3954; x_wconf 86' lang='lat' dir='ltr'>Suppl.</span> <span class='ocrx_word' id='word_1_380' title='bbox 1210 3889 1369 3956; x_wconf 73' lang='lat' dir='ltr'>(sec-8⁵⁶)</span> <span class='ocrx_word' id='word_1_381' title='bbox 1384 3887 1444 3937; x_wconf 88' lang='lat' dir='ltr'>dicit</span> <span class='ocrx_word' id='word_1_382' title='bbox 1458 3903 1497 3945; x_wconf 88' lang='lat' dir='ltr'>se,</span> 
     </span>
     <span class='ocr_line' id='line_1_38' title="bbox 301 3969 1499 4037; baseline -0.002 -16"><span class='ocrx_word' id='word_1_383' title='bbox 301 3988 331 4021; x_wconf 91' lang='lat' dir='ltr'>ae</span> <span class='ocrx_word' id='word_1_384' title='bbox 359 3969 469 4033; x_wconf 70' lang='grc' dir='ltr'>,γέλωτ’</span> <span class='ocrx_word' id='word_1_385' title='bbox 489 3969 573 4034; x_wconf 52' lang='lat' dir='ltr'>&#39;idac’</span> <span class='ocrx_word' id='word_1_386' title='bbox 598 3972 727 4021; x_wconf 88' lang='lat' dir='ltr'>Adrastum</span> <span class='ocrx_word' id='word_1_387' title='bbox 753 3986 800 4021; x_wconf 89' lang='lat' dir='ltr'>noa</span> <span class='ocrx_word' id='word_1_388' title='bbox 822 3971 1028 4033; x_wconf 76' lang='lat' dir='ltr'>interrogaturum</span> <span class='ocrx_word' id='word_1_389' title='bbox 1049 3987 1099 4020; x_wconf 91' lang='lat' dir='ltr'>esse</span> <span class='ocrx_word' id='word_1_390' title='bbox 1121 3971 1163 4035; x_wconf 91' lang='lat' dir='ltr'>qui</span> <span class='ocrx_word' id='word_1_391' title='bbox 1179 3972 1320 4037; x_wconf 89' lang='lat' dir='ltr'>quibuscum</span> <span class='ocrx_word' id='word_1_392' title='bbox 1339 3986 1423 4020; x_wconf 88' lang='lat' dir='ltr'>manus</span> <span class='ocrx_word' id='word_1_393' title='bbox 1442 3986 1499 4019; x_wconf 91' lang='lat' dir='ltr'>con-</span> 
     </span>
     <span class='ocr_line' id='line_1_39' title="bbox 301 4052 1497 4119; baseline -0.003 -15"><span class='ocrx_word' id='word_1_394' title='bbox 301 4054 432 4112; x_wconf 83' lang='lat' dir='ltr'>seruerint,</span> <span class='ocrx_word' id='word_1_395' title='bbox 449 4054 504 4118; x_wconf 88' lang='lat' dir='ltr'>quis</span> <span class='ocrx_word' id='word_1_396' title='bbox 519 4053 593 4104; x_wconf 84' lang='lat' dir='ltr'>luerit</span> <span class='ocrx_word' id='word_1_397' title='bbox 611 4054 756 4104; x_wconf 78' lang='lat' dir='ltr'>fortissimus</span> <span class='ocrx_word' id='word_1_398' title='bbox 774 4057 827 4113; x_wconf 74' lang='lat' dir='ltr'>etc..</span> <span class='ocrx_word' id='word_1_399' title='bbox 845 4053 933 4118; x_wconf 90' lang='lat' dir='ltr'>qnippe</span> <span class='ocrx_word' id='word_1_400' title='bbox 951 4053 1032 4117; x_wconf 86' lang='lat' dir='ltr'>qualia</span> <span class='ocrx_word' id='word_1_401' title='bbox 1047 4069 1116 4104; x_wconf 89' lang='lat' dir='ltr'>nemo</span> <span class='ocrx_word' id='word_1_402' title='bbox 1134 4054 1255 4119; x_wconf 91' lang='lat' dir='ltr'>inproelii</span> <span class='ocrx_word' id='word_1_403' title='bbox 1263 4053 1401 4103; x_wconf 86' lang='lat' dir='ltr'>contusione</span> <span class='ocrx_word' id='word_1_404' title='bbox 1416 4052 1497 4102; x_wconf 84' lang='lat' dir='ltr'>videre</span> 
     </span>
     <span class='ocr_line' id='line_1_40' title="bbox 302 4135 1497 4202; baseline 0.001 -17"><span class='ocrx_word' id='word_1_405' title='bbox 302 4135 384 4201; x_wconf 89' lang='lat' dir='ltr'>possit.</span> <span class='ocrx_word' id='word_1_406' title='bbox 403 4135 523 4186; x_wconf 89' lang='lat' dir='ltr'>Videntur</span> <span class='ocrx_word' id='word_1_407' title='bbox 540 4136 597 4185; x_wconf 87' lang='lat' dir='ltr'>baec</span> <span class='ocrx_word' id='word_1_408' title='bbox 614 4139 676 4186; x_wconf 89' lang='lat' dir='ltr'>tecte</span> <span class='ocrx_word' id='word_1_409' title='bbox 693 4136 866 4202; x_wconf 86' lang='lat' dir='ltr'>reprehendere</span> <span class='ocrx_word' id='word_1_410' title='bbox 884 4135 1031 4186; x_wconf 88' lang='lat' dir='ltr'>Salaminiae</span> <span class='ocrx_word' id='word_1_411' title='bbox 1047 4153 1142 4202; x_wconf 84' lang='lat' dir='ltr'>pugnae</span> <span class='ocrx_word' id='word_1_412' title='bbox 1159 4146 1296 4188; x_wconf 71' lang='lat' dir='ltr'>maturatam</span> <span class='ocrx_word' id='word_1_413' title='bbox 1312 4136 1497 4202; x_wconf 85' lang='lat' dir='ltr'>descriptionem</span> 
     </span>
     <span class='ocr_line' id='line_1_41' title="bbox 302 4217 562 4282; baseline 0.008 -16"><span class='ocrx_word' id='word_1_414' title='bbox 302 4217 329 4267; x_wconf 93' lang='lat' dir='ltr'>in</span> <span class='ocrx_word' id='word_1_415' title='bbox 345 4217 456 4282; x_wconf 85' lang='lat' dir='ltr'>Aeschyli</span> <span class='ocrx_word' id='word_1_416' title='bbox 473 4217 562 4268; x_wconf 87' lang='lat' dir='ltr'>Persis.</span> 
     </span>
    </p>

    <p class='ocr_par' dir='ltr' id='par_1_9' title="bbox 302 4300 1497 4612">
     <span class='ocr_line' id='line_1_42' title="bbox 337 4300 1495 4368; baseline 0.003 -19"><span class='ocrx_word' id='word_1_417' title='bbox 337 4301 367 4349; x_wconf 90' lang='lat' dir='ltr'>In</span> <span class='ocrx_word' id='word_1_418' title='bbox 389 4300 487 4350; x_wconf 89' lang='lat' dir='ltr'>Heracl.</span> <span class='ocrx_word' id='word_1_419' title='bbox 512 4301 570 4350; x_wconf 78' lang='lat' dir='ltr'>Eur.</span> <span class='ocrx_word' id='word_1_420' title='bbox 588 4302 635 4366; x_wconf 84' lang='lat' dir='ltr'>(vs.</span> <span class='ocrx_word' id='word_1_421' title='bbox 653 4302 703 4352; x_wconf 75' lang='lat'>890</span> <span class='ocrx_word' id='word_1_422' title='bbox 719 4301 782 4368; x_wconf 89' lang='lat' dir='ltr'>sqq.)</span> <span class='ocrx_word' id='word_1_423' title='bbox 800 4302 941 4368; x_wconf 85' lang='lat' dir='ltr'>Demophon</span> <span class='ocrx_word' id='word_1_424' title='bbox 957 4302 1080 4352; x_wconf 81' lang='lat' dir='ltr'>mutendit</span> <span class='ocrx_word' id='word_1_425' title='bbox 1097 4302 1265 4368; x_wconf 85' lang='lat' dir='ltr'>imperatorem</span> <span class='ocrx_word' id='word_1_426' title='bbox 1282 4303 1365 4352; x_wconf 85' lang='lat' dir='ltr'>decere</span> <span class='ocrx_word' id='word_1_427' title='bbox 1382 4316 1495 4368; x_wconf 85' lang='lat' dir='ltr'>praesen·</span> 
     </span>
     <span class='ocr_line' id='line_1_43' title="bbox 302 4383 1497 4450; baseline 0 -14"><span class='ocrx_word' id='word_1_428' title='bbox 302 4386 352 4436; x_wconf 85' lang='lat' dir='ltr'>tem</span> <span class='ocrx_word' id='word_1_429' title='bbox 374 4383 454 4434; x_wconf 86' lang='lat' dir='ltr'>hostes</span> <span class='ocrx_word' id='word_1_430' title='bbox 476 4383 613 4450; x_wconf 87' lang='lat' dir='ltr'>explorare,</span> <span class='ocrx_word' id='word_1_431' title='bbox 635 4401 683 4434; x_wconf 90' lang='lat' dir='ltr'>non</span> <span class='ocrx_word' id='word_1_432' title='bbox 705 4385 880 4450; x_wconf 85' lang='lat' dir='ltr'>speculatorum</span> <span class='ocrx_word' id='word_1_433' title='bbox 898 4384 1044 4444; x_wconf 88' lang='lat' dir='ltr'>ministerio;</span> <span class='ocrx_word' id='word_1_434' title='bbox 1074 4386 1137 4449; x_wconf 89' lang='lat' dir='ltr'>quod</span> <span class='ocrx_word' id='word_1_435' title='bbox 1153 4386 1253 4436; x_wconf 79' lang='lat' dir='ltr'>tortasm</span> <span class='ocrx_word' id='word_1_436' title='bbox 1270 4385 1382 4450; x_wconf 88' lang='lat' dir='ltr'>Aeschyli</span> <span class='ocrx_word' id='word_1_437' title='bbox 1399 4387 1497 4450; x_wconf 82' lang='lat' dir='ltr'>Septem</span> 
     </span>
     <span class='ocr_line' id='line_1_44' title="bbox 303 4465 1497 4535; baseline -0.003 -15"><span class='ocrx_word' id='word_1_438' title='bbox 303 4468 406 4534; x_wconf 75' lang='lat' dir='ltr'>spectat,</span> <span class='ocrx_word' id='word_1_439' title='bbox 431 4465 472 4516; x_wconf 86' lang='lat' dir='ltr'>nbi</span> <span class='ocrx_word' id='word_1_440' title='bbox 486 4467 593 4520; x_wconf 67' lang='lat' dir='ltr'>fflaocles</span> <span class='ocrx_word' id='word_1_441' title='bbox 607 4466 672 4518; x_wconf 86' lang='lat' dir='ltr'>domi</span> <span class='ocrx_word' id='word_1_442' title='bbox 689 4467 769 4520; x_wconf 89' lang='lat' dir='ltr'>omnia</span> <span class='ocrx_word' id='word_1_443' title='bbox 785 4483 846 4532; x_wconf 81' lang='lat' dir='ltr'>quae</span> <span class='ocrx_word' id='word_1_444' title='bbox 862 4468 984 4535; x_wconf 87' lang='lat' dir='ltr'>pertinent</span> <span class='ocrx_word' id='word_1_445' title='bbox 1001 4468 1031 4518; x_wconf 88' lang='lat' dir='ltr'>ad</span> <span class='ocrx_word' id='word_1_446' title='bbox 1046 4468 1153 4519; x_wconf 87' lang='lat' dir='ltr'>hostiam</span> <span class='ocrx_word' id='word_1_447' title='bbox 1169 4467 1300 4519; x_wconf 83' lang='lat' dir='ltr'>exercitam</span> <span class='ocrx_word' id='word_1_448' title='bbox 1316 4467 1361 4518; x_wconf 87' lang='lat' dir='ltr'>sibi</span> <span class='ocrx_word' id='word_1_449' title='bbox 1378 4483 1393 4517; x_wconf 88' lang='lat' dir='ltr'>a</span> <span class='ocrx_word' id='word_1_450' title='bbox 1410 4466 1497 4518; x_wconf 72' lang='lat' dir='ltr'>nunde</span> 
     </span>
     <span class='ocr_line' id='line_1_45' title="bbox 304 4546 486 4612; baseline -0.022 -10"><span class='ocrx_word' id='word_1_451' title='bbox 304 4548 399 4602; x_wconf 82' lang='lat' dir='ltr'>narrari</span> <span class='ocrx_word' id='word_1_452' title='bbox 411 4546 486 4612; x_wconf 86' lang='lat' dir='ltr'>jubet.</span> 
     </span>
    </p>
   </div>
   <div class='ocr_carea' id='block_1_4' title="bbox 0 0 1729 5360">
    <p class='ocr_par' dir='ltr' id='par_1_10' title="bbox 0 0 1729 5360">
     <span class='ocr_line' id='line_1_46' title="bbox 0 0 1729 5360; baseline 0 0"><span class='ocrx_word' id='word_1_453' title='bbox 0 0 1729 5360; x_wconf 95' lang='lat' dir='ltr'> </span> 
     </span>
    </p>
   </div>
  </div>
 </body>
</html>
