3408 5360
866 449 909 514 32

334 647 517 732 Aliquando
548 651 656 710 tamen
686 650 752 710 tam
786 645 930 729 vulgaria
964 647 1040 710 sunt
1071 645 1124 721 ἤδη
1151 647 1184 708 et
1207 646 1307 710 totius
1332 647 1484 710 dramatis

291 756 451 820 structura
474 756 641 837 tantopere
663 752 753 816 humi
775 752 858 836 repit
883 754 919 816 ut
938 751 990 815 vix
1011 751 1195 835 tragoediae
1209 751 1339 815 nomine
1351 752 1486 833 dignum

290 863 444 926 videatur.
472 860 630 923 Pessimae
654 861 749 922 notae
773 859 849 921 sunt
871 856 998 921 Electra
1016 859 1048 921 et
1060 856 1205 935 Orestes,
1220 859 1333 922 deinde
1346 857 1486 922 Troades

293 970 325 1032 et
357 964 591 1031 Andromache.
624 963 808 1048 Euripidem
838 963 931 1028 facile
963 968 994 1027 ct
1018 963 1087 1027 sine
1112 985 1229 1044 magno
1255 963 1364 1028 labore
1388 964 1487 1047 scrip-

293 1073 370 1136 sisse
394 1071 486 1135 credo
503 1072 525 1157 ¹)
552 1073 584 1134 ct
607 1070 766 1134 scribendi
786 1069 947 1134 velocitati
969 1072 1243 1153 praetermodum
1264 1069 1489 1154 indulgentem

291 1178 403 1263 jejuna
423 1176 484 1240 ista
504 1179 535 1240 et
559 1167 702 1240 absurde
721 1196 817 1258 opera
840 1175 1062 1258 composuisse.
1087 1174 1217 1239 Mallem
1240 1175 1410 1258 periissent
1429 1173 1490 1238 bae

293 1281 421 1347 fabulae
434 1284 458 1364 ²)
485 1284 516 1345 et
540 1281 620 1345 aliae
642 1284 815 1365 quaedam,
841 1285 953 1346 contra
974 1282 1116 1344 servatae
1136 1280 1274 1345 fuissent
1286 1279 1490 1357 Alexander,

294 1388 518 1464 Andromeda,
551 1387 710 1470 Antiope,
742 1386 1025 1470 Bellerophontes,
1059 1384 1293 1471 Cresphontes,
1318 1386 1490 1470 Polyidus,

295 1495 506 1570 Protesilaus,
530 1493 710 1558 Phaethon.
734 1491 819 1557 Nam
841 1493 903 1558 hoc
926 1493 1024 1577 probe
1047 1496 1221 1557 tenendum
1235 1497 1299 1557 est:
1313 1497 1491 1557 cetororum

296 1601 490 1684 tragicorum
514 1598 696 1682 tragoediae
720 1599 904 1682 superstites
927 1601 963 1661 ut
986 1598 1082 1682 longe
1094 1598 1250 1682 plurimae
1263 1621 1387 1662 summa
1398 1597 1491 1661 laude

296 1707 413 1790 dignae
433 1706 515 1782 sint,
536 1705 702 1788 utriusque
721 1708 843 1788 septem
861 1704 955 1768 modo
968 1706 1058 1788 sunt,
1072 1726 1145 1768 cum
1158 1705 1337 1768 dramatum
1350 1703 1493 1788 perdito·
1568 1731 1570 1736 ’

296 1834 367 1876 rum
390 1832 461 1875 raro
481 1811 539 1874 fiat
559 1810 694 1886 mentio;
716 1809 879 1893 Euripidis
899 1831 973 1874 vero
987 1810 1201 1894 septondecim
1214 1813 1343 1875 exstant
1355 1808 1494 1894 (siexci-

298 1918 367 2003 pias
398 1917 536 1981 Rhesum
566 1919 598 1980 et
629 1915 833 2000 Cyclopem),
869 1916 1047 2000 complures
1077 1921 1182 1980 autem
1207 1916 1377 1980 deteriores
1401 1913 1494 1979 nobis

298 2022 437 2087 servavit
456 2025 634 2106 tomporum
648 2021 831 2105 malignitas
843 2044 941 2105 quum
954 2021 1131 2105 praeclaras
1143 2023 1260 2086 multas
1272 2022 1495 2106 intoroeperit,

299 2151 380 2212 quae
401 2149 467 2192 non
491 2127 594 2191 solum
619 2126 862 2211 Aristophaneis
885 2127 1031 2192 ludibriis
1049 2132 1104 2192 sed
1116 2129 1263 2192 maximis
1275 2128 1410 2192 aliorum
1423 2127 1494 2191 lau-

299 2234 393 2298 dibus
416 2235 638 2298 innotuerunt.

346 2338 425 2405 Cum
449 2339 526 2423 ipsis
550 2359 758 2423 personarum
783 2340 923 2404 moribus
947 2341 1043 2404 etiam
1064 2339 1161 2405 dictio
1181 2339 1495 2426 agrandiloqnentia

299 2445 475 2530 Aeschyleo
507 2448 539 2508 et
572 2445 729 2530 gravitate
759 2445 935 2530 Sophoclea
968 2447 1131 2511 descendit
1161 2448 1201 2511 ad
1225 2447 1405 2531 quotidiani
1429 2467 1494 2509 ser-

301 2552 404 2616 monis
428 2551 636 2627 tcnuitat0m,
657 2553 844 2615 conservata
863 2555 971 2615 tamen
992 2556 1127 2617 venusta
1150 2552 1317 2618 dulcedine
1340 2557 1372 2617 et
1395 2551 1496 2636 polita

300 2657 466 2742 diligentia
480 2658 516 2741 3).
542 2656 773 2740 Aristophanes
799 2656 834 2720 in
857 2656 958 2720 Ranis
979 2656 1037 2721 sub
1055 2656 1207 2742 Aeschyli
1231 2679 1367 2742 persona
1387 2677 1496 2741 repre-

299 2762 412 2826 hendit
435 2761 612 2825 orationem
637 2765 674 2824 ut
697 2762 732 2824 in
755 2762 919 2845 tragoedia
935 2763 1023 2847 justo
1035 2762 1238 2828 humiliorem
1251 2768 1284 2828 et
1297 2764 1498 2839 molliorem;

299 2868 395 2951 idque
415 2868 488 2951 jure
511 2867 537 2930 si
560 2866 668 2929 omnia
692 2867 862 2950 separatim
882 2867 1021 2952 judices,
1047 2889 1130 2933 non
1154 2890 1227 2934 vero
1249 2871 1276 2934 si
1297 2873 1401 2934 totum
1414 2890 1495 2953 opus

300 2995 366 3036 una
389 2971 624 3056 contompleris.
647 2970 731 3036 Nam

459 3078 503 3142 Et
524 3078 664 3161 tragicus
687 3077 873 3163 plerumque
897 3081 984 3145 dolet
1006 3103 1151 3147 sermone
1174 3082 1313 3166 pedestri

460 3185 618 3269 Telephus
642 3187 675 3248 et
697 3185 828 3264 Peleus,
853 3209 925 3251 eum
949 3210 1070 3273 pauper
1093 3193 1126 3253 et
1148 3189 1222 3253 exul
1249 3193 1382 3273 uterque

459 3291 581 3355 Proicit
602 3291 759 3376 ampullas
783 3295 816 3355 et
839 3291 1071 3378 sesquipedalia
1096 3294 1209 3378 verba,

460 3399 495 3465 Si
518 3403 608 3463 curat
630 3420 685 3463 cor
707 3399 880 3483 spectantis
904 3400 1046 3485 tetigisse
1071 3401 1222 3486 querella.

302 3683 349 3718 nnr
370 3666 457 3732 tertige
478 3665 625 3717 Charaktere
646 3665 789 3719 vort'dbrt”.
801 3707 807 3718 .
818 3706 840 3718 ..
864 3669 949 3734 quibus
965 3670 1043 3721 verbis
1059 3671 1110 3722 sine
1128 3672 1200 3723 dnbio
1217 3673 1292 3738 magis
1309 3673 1453 3738 Aeschylum
1472 3677 1497 3723 et

302 3749 443 3814 Sophoclem
459 3751 550 3814 spectat
566 3764 638 3814 quam
653 3751 804 3816 Euripidem,
821 3751 940 3816 buinsqne
957 3753 1017 3802 artis
1034 3755 1153 3804 rationem
1170 3758 1232 3805 tacte
1250 3756 1341 3806 laudet.

337 3833 365 3898 1)
382 3833 420 3881 Ab
441 3831 486 3880 bec
509 3832 620 3897 opinione
641 3833 728 3899 depelli
749 3850 787 3883 me
811 3850 859 3884 non
881 3835 961 3900 patior
977 3851 991 3884 a
1009 3835 1108 3886 Valerio
1125 3838 1233 3888 Maximo
1250 3839 1368 3888 referente
1386 3838 1450 3904 (111,
1473 3838 1496 3892 7.

302 3913 326 3972 2,
354 3914 380 3978 1)
409 3913 547 3979 Euripidem
568 3913 695 3978 aliqnando
719 3916 815 3966 ‚triduo
837 3932 885 3965 non
908 3916 972 3966 ultre
993 3920 1043 3967 tres
1065 3934 1146 3968 versus
1170 3919 1272 3970 maximo
1289 3919 1397 3985 impenso
1414 3920 1496 3970 labore

303 3995 418 4044 deducere
434 3994 564 4060 potuisse”,
582 3999 607 4046 et
621 3996 671 4046 eins
686 3996 778 4047 tebnlss
794 4003 902 4048 vocente=
926 4003 1065 4050 ucmctsnte
1082 4001 1139 4051 stilo
1157 4001 1322 4052 elucubratum
1339 4001 1425 4069 opus.''

337 4077 365 4142 2)
384 4076 577 4127 Pulcherrimum
589 4081 671 4129 tamar
684 4082 720 4128 est
734 4080 827 4130 Orestis
839 4081 962 4130 exordium
978 4080 1017 4131 nbi
1026 4083 1121 4133 Electra
1128 4084 1202 4133 tratri
1212 4100 1283 4149 aegro
1293 4085 1382 4135 assidet
1390 4086 1499 4150 primum

305 4159 448 4220 dormienti,
474 4160 559 4210 deinde
585 4165 734 4226 experrecto;
759 4165 784 4211 at
805 4164 885 4213 omnia
906 4179 966 4228 quse
985 4168 1130 4230 sequnntur,
1148 4183 1196 4231 qno
1213 4167 1308 4232 longine
1325 4169 1450 4233 procedes,
1470 4185 1498 4219 eo

305 4243 367 4291 suns
385 4242 480 4294 viliora.

339 4325 367 4385 3)
383 4323 525 4374 Aristoteles
540 4341 596 4376 eum
611 4326 739 4391 aliquando
757 4328 899 4394 Aeschylum
912 4345 1025 4395 superare
1038 4331 1173 4391 contendit,
1188 4332 1231 4397 qni
1245 4348 1320 4397 quum
1329 4332 1354 4382 in
1363 4331 1500 4383 Philoctete

305 4402 414 4463 εὐτελῶς
434 4407 566 4472 scripsisset
583 4405 724 4470 φαγέδαινα
741 4405 764 4456 δ’
781 4408 797 4466 ll
813 4426 861 4470 μου
880 4409 974 4474 σάρκας
992 4409 1096 4461 telles
1114 4409 1201 4472 ποδός,
1219 4414 1358 4480 Euripidem
1376 4430 1423 4464 nna
1440 4429 1498 4464 voce

305 4489 405 4620 mahtsb
421 4491 504 4546 καλῶς
529 4489 649 4555 scripsisse
673 4486 815 4553 Φαγέδαινα
841 4489 865 4540 δ’
882 4491 961 4554 daeo
979 4490 1059 4555 σάρκα
1084 4491 1234 4545 tessares
1257 4493 1339 4555 ποδός.
1356 4497 1437 4562 (Post.
1456 4513 1496 4562 pg.

307 4571 372 4620 1458
424 4571 459 4637 1).
