3422 5362
867 471 930 539 192

299 697 308 729 r
352 651 459 717 Habes
490 652 601 716 seriem
634 651 824 716 feminarum
858 675 931 718 cum
964 651 1231 736 nequissimarum»
1251 655 1321 717 tum
1343 652 1497 736 probissi-

306 779 449 834 marum3
481 756 579 822 habes
603 778 755 842 magnam
780 759 903 843 copiam
930 759 1161 823 sententiarum
1185 758 1298 844 quibus
1322 757 1404 826 nihil
1428 780 1496 823 mu-

305 863 398 942 liebri
429 885 503 929 sexu
534 863 690 948 perditius
718 868 750 929 et
772 865 926 949 abjectius
949 887 1016 929 esse
1038 864 1169 947 dieitur,
1196 868 1228 929 et
1251 886 1358 930 rursus
1381 863 1497 949 quibus

305 970 453 1039 laudibus
483 974 632 1047 ornatur3
666 1009 706 1019 -
740 971 904 1056 quaeritur
933 973 1093 1056 quomodo
1124 972 1300 1036 sententiae
1331 973 1497 1057 tantopere

305 1077 392 1142 inter
422 1098 454 1141 ee
481 1079 698 1161 repugnantes
720 1077 755 1140 in
779 1098 844 1142 uno
867 1078 998 1142 bomine
1020 1078 1210 1163 conjunctae
1234 1098 1300 1142 esse
1322 1077 1495 1162 potuerint.

304 1235 307 1244 .
352 1182 402 1246 Ex
436 1183 584 1248 universa
612 1182 803 1249 Graecorum
835 1184 986 1268 opinione
1017 1184 1056 1248 de
1084 1206 1159 1249 sexu
1182 1183 1346 1262 muliebri,
1370 1183 1496 1268 qualem

304 1289 401 1368 huius
420 1289 612 1374 paragraphi
631 1290 724 1354 initio
743 1291 891 1376 exposui,
912 1290 990 1355 mihi
1009 1290 1130 1355 elucere
1147 1289 1272 1355 videtur
1284 1311 1336 1355 eos
1348 1294 1496 1355 naturam

305 1395 477 1464 mulier-um
497 1395 628 1460 minime
648 1396 810 1481 cognitam
830 1399 863 1460 et
880 1400 1077 1482 perspectam
1098 1396 1261 1480 habuisse,
1283 1418 1361 1482 quas
1378 1395 1499 1460 seilicet

307 1501 386 1568 airis
409 1502 511 1566 multo
534 1502 699 1567 inferiores
722 1525 788 1568 esse
812 1504 965 1568 ducerent
985 1525 1042 1567 nec
1063 1503 1209 1567 viderent
1227 1524 1279 1567 eas
1298 1503 1435 1567 diversas
1455 1500 1497 1567 ab

308 1607 372 1677 illis
386 1609 456 1673 aliis
468 1608 562 1673 rebus
575 1609 737 1675 excellere.
748 1609 919 1675 Manifesto
931 1609 1126 1694 ignorabant
1136 1614 1327 1694 quantarum
1341 1609 1498 1673 virtutum

310 1713 446 1779 facultas
468 1714 507 1778 iis
531 1715 607 1780 data
630 1716 689 1798 sit3
715 1738 812 1801 quare
834 1717 869 1779 in
892 1717 1022 1780 dearum
1046 1737 1177 1780 numero
1201 1715 1322 1780 nullam
1346 1714 1498 1779 feminam

309 1821 454 1885 invenias
473 1821 645 1886 virtutibus
666 1843 737 1886 rere
749 1821 954 1887 muliebribus
965 1826 1127 1898 ornatam;
1143 1843 1240 1907 quare
1253 1821 1349 1885 etiam
1362 1819 1500 1885 Pericles

311 1928 346 1991 in
370 1926 499 2012 publico
522 1927 611 1992 luctu
639 1927 773 1992 feminas
796 1929 916 1992 invitus
942 1950 1041 2012 paene
1066 1948 1317 1993 commemorans
1339 1927 1376 2006 (ri
1401 1925 1433 1990 δέ
1456 1950 1497 2003 με

310 2035 358 2100 δεῖ
387 2034 439 2098 καὶ
474 2035 653 2110 γυναικείας
684 2058 714 2098 rr
745 2027 856 2112 operar
871 2082 971 2101 .....
995 2036 1176 2120 μνησθῆναι)
1200 2034 1234 2098 in
1257 2033 1321 2098 fine
1344 2031 1500 2097 arabionis

312 2139 424 2226 (Thuc.
456 2137 501 2204 ΙΙ.
534 2139 591 2225 45)
623 2139 704 2204 nihil
736 2141 889 2225 grandius
913 2141 951 2206 iis
975 2141 1053 2205 dicit
1075 2161 1170 2225 quam
1193 2139 1271 2204 hoc:
1296 2147 1350 2214 τῆς
1375 2163 1410 2203 τε
1433 2139 1498 2218 γὰρ

311 2245 509 2326 ὑπαρχούσης
541 2246 664 2325 Φύσεως
688 2248 732 2324 μὴ
756 2247 870 2326 χείροσι
891 2234 1031 2324 perlatori
1054 2247 1124 2323 ὑμῖν
1143 2245 1272 2323 μεγάλη
1295 2249 1310 2322 ἡ
1331 2244 1422 2330 δόξα,
1444 2245 1498 2309 καὶ

311 2351 343 2430 ἧς
368 2353 406 2419 ἂν
429 2352 479 2417 ἐπ’
504 2352 671 2434 ἐλάχιστον
695 2354 804 2432 ἀρετῆς
827 2354 892 2432 πέρι
918 2355 934 2428 ἦ
959 2351 1060 2431 ψόγου
1085 2354 1114 2416 ἕν
1139 2363 1201 2424 τοῖς
1226 2351 1331 2431 ἄρσεσι
1356 2353 1442 2422 κλέος
1466 2347 1496 2431 ᾖ.

356 2459 476 2525 Tamen
508 2480 625 2544 paucos
657 2459 848 2524 Graecorum
880 2460 1017 2545 excipio:
1048 2459 1222 2524 Homerum
1246 2481 1288 2524 se.
1313 2461 1346 2523 et
1368 2457 1498 2542 Euripi-

310 2569 399 2644 dem3
422 2568 547 2651 praeter
570 2586 650 2651 quos
674 2587 767 2630 nemo
790 2570 957 2652 poetarum
981 2567 1110 2631 virtutis
1134 2566 1297 2630 muliebris
1323 2564 1499 2649 imaginem

309 2694 416 2738 veram
437 2695 613 2758 puramque
632 2694 809 2758 proponere
828 2674 944 2758 potuit.
968 2671 1042 2737 Noli
1053 2673 1139 2738 enim
1153 2695 1202 2738 me
1215 2675 1384 2737 admonere
1397 2671 1498 2755 virgi·

310 2802 388 2844 num
412 2778 674 2864 Sophoclearum:
701 2800 766 2843 non
791 2780 892 2844 solum
916 2778 1044 2844 Electra
1066 2783 1121 2844 sed
1141 2780 1236 2844 etiam
1252 2778 1418 2863 Antigone
1438 2777 1500 2841 hoo

307 2885 378 2970 ipso
398 2887 527 2970 aposta
549 2884 673 2949 laudari
697 2886 821 2950 videtur
844 2887 929 2970 quod
953 2887 1060 2971 potius
1086 2887 1227 2951 animum
1250 2886 1373 2950 virilem
1389 2887 1499 2949 osten-

309 2993 357 3055 dit
385 3014 481 3076 quam
511 2991 702 3076 femineum,
737 2993 852 3057 fortem
885 2994 1081 3078 eundemque
1112 2995 1256 3057 tenerum
1270 2990 1308 3078 ¹).
1339 2991 1499 3056 Homerus

311 3119 385 3164 vero
415 3098 569 3183 imagines
600 3099 749 3164 sublimes
782 3104 813 3165 et
836 3122 908 3165 vere
932 3100 1100 3165 muliebres
1124 3101 1216 3165 nobis
1239 3099 1406 3184 proposuit
1429 3095 1498 3162 An·

311 3204 519 3284 dromachae,
542 3206 649 3270 uxoris
672 3207 924 3285 amantissimae,
945 3203 1122 3292 Penelopae
1142 3207 1360 3286 fidelissimae,
1380 3204 1500 3271 Nausi-

312 3332 402 3389 caae,
443 3311 577 3395 virginis
612 3312 763 3390 sollertis,
799 3316 945 3397 tenerae,
981 3312 1137 3378 amabilis.
1172 3311 1380 3397 Temporibus
1415 3311 1500 3376 enim

312 3417 540 3503 antiquissimis
564 3419 710 3484 mulieres
734 3422 878 3484 nondum
901 3420 1100 3504 cogebantur
1124 3419 1235 3504 procul
1259 3442 1277 3484 a
1298 3419 1374 3483 viris
1397 3421 1501 3482 totam

310 3513 410 3591 iitam
445 3525 479 3589 in
511 3545 671 3610 gynaeceo
699 3546 792 3611 agere
815 3527 903 3591 velut
926 3524 1078 3604 ancillae,
1103 3526 1158 3590 sed
1181 3526 1317 3605 liberae,
1341 3525 1501 3590 virorum·

313 3655 374 3718 que
406 3654 478 3697 vere
509 3633 661 3717 conjuges
693 3635 726 3697 et
756 3633 840 3697 filiae
864 3633 898 3696 in
922 3633 1003 3697 atrio
1024 3633 1117 3717 juxta
1139 3654 1192 3697 eos
1216 3635 1360 3697 sedentes
1384 3632 1503 3696 mentis

316 3762 374 3828 uae
412 3738 580 3804 facultates
616 3740 756 3805 excolere
789 3741 940 3825 poterant
973 3739 1025 3824 (of.
1050 3739 1088 3804 Il.
1113 3739 1160 3804 IX
1186 3740 1250 3804 340
1274 3762 1342 3825 sqq.
1368 3736 1426 3806 Od.
1457 3737 1503 3803 VI

316 3847 406 3932 182).
436 3843 597 3929 imagines
623 3845 811 3912 Homericae
834 3846 933 3931 igitur
956 3846 996 3909 ad
1020 3849 1168 3910 naturam
1192 3846 1422 3930 veritatemque
1446 3867 1503 3910 ex·

312 3974 438 4038 pressae
461 3955 547 4016 sunt.
1424 3953 1427 3962 “

321 4102 499 4115 ...ιο-

346 4195 371 4254 1)
394 4193 474 4243 Etiam
497 4192 605 4240 Socrates
629 4188 818 4255 Xenophontem
841 4187 918 4238 multo
940 4187 1029 4238 rectius
1053 4204 1124 4252 quem
1148 4188 1257 4254 aequales
1273 4188 1373 4238 feminee
1386 4187 1505 4251 judicasse

314 4276 421 4336 videtum
445 4276 499 4325 vide
520 4272 666 4339 symposium
683 4272 711 4321 II
730 4272 759 4328 9,
777 4269 817 4320 ubi
835 4270 933 4336 exponit
947 4273 1058 4320 naturam
1074 4269 1202 4320 mulierum
1218 4275 1305 4321 nature
1319 4271 1426 4321 virorem
1441 4270 1505 4320 nibil

314 4358 453 4410 inferiorem
476 4374 539 4418 esse,
564 4361 588 4407 et
606 4354 790 4405 Oeconomionm
806 4370 825 4402 e.
844 4355 912 4412 VII,
930 4369 976 4418 quo
994 4353 1104 4402 ementiri
1121 4353 1217 4403 videtur
1234 4353 1388 4403 Ischomache
1405 4353 1505 4402 ‹lemon-

313 4443 401 4494 etrenti
422 4443 501 4492 virum
521 4444 547 4490 et
563 4438 689 4489 mulierem
706 4434 805 4485 dirersis
820 4436 950 4485 virtutibus
968 4451 992 4484 ee
1009 4435 1110 4485 invicem
1127 4423 1229 4502 explere.
1246 4437 1291 4485 Sed
1308 4436 1407 4485 tortasse
1423 4436 1448 4484 in
1467 4436 1506 4484 bie

317 4527 387 4577 rebus
402 4525 495 4590 aliquid
513 4523 558 4590 ipsi
576 4519 731 4588 Xenophonti
748 4518 911 4570 ascribendum
928 4522 975 4580 eet,
990 4517 1057 4568 cuiue
1070 4518 1095 4567 in
1110 4518 1255 4584 Cyropeedia
1268 4519 1310 4584 (V.
1328 4518 1353 4582 l)
1368 4518 1507 4569 conferetur

311 4601 467 4678 'pulcerrime
483 4607 561 4671 imago
578 4603 699 4655 Pentbeee
716 4601 812 4667 eiusque
828 4601 932 4666 conjugii
948 4616 1002 4651 enm
1018 4601 1139 4650 Abradate
1156 4602 1212 4666 (VI.
1230 4601 1267 4677 ¹4).
1350 4669 1353 4674 Δ
