3418 5356
867 447 930 511 100

302 634 412 696 natam
436 651 509 698 eum
532 631 728 716 perdituram
751 651 818 696 esse
840 651 897 715 per
919 651 1073 695 novercae
1098 627 1261 694 Phaedrae
1284 648 1423 692 amorem
1441 628 1493 691 in-

301 759 424 804 sanum.
456 737 641 804 Innocentis
672 736 835 802 Phaedrae
859 736 991 801 exitium
1015 735 1200 800 inevitabile
1224 734 1328 798 minus
1350 735 1496 805 moratur

300 846 475 909 dummodo
497 842 558 908 eibi
578 846 684 908 castus
697 843 828 926 juvenis
844 863 963 927 poenas
974 841 1052 906 luat.
1067 839 1185 904 Omnia
1195 839 1294 923 igitur
1306 840 1346 902 ad
1358 837 1493 903 Veneris

302 951 418 1013 nutum
440 949 627 1033 procedunt.
660 948 836 1033 Postquam
860 947 971 1011 nutrix
993 946 1158 1011 Phaedrae
1179 943 1320 1009 furorem
1343 943 1493 1028 privigno

302 1054 421 1139 prodiit
449 1053 561 1118 infelix
590 1054 702 1138 regina
732 1057 867 1119 mortem
892 1053 952 1119 sibi
976 1052 1144 1118 consciscit
1167 1049 1286 1116 relictis
1310 1054 1418 1115 tamen
1441 1053 1493 1113 ta-

301 1158 393 1223 bellis
415 1159 530 1244 quibus
552 1159 765 1244 Hippolytum
790 1162 993 1224 accusaverat
1014 1157 1163 1223 adulterii
1191 1179 1210 1220 a
1233 1178 1266 1220 se
1289 1155 1391 1240 petiti.
1423 1153 1493 1230 Quo

301 1263 380 1328 falso
413 1263 546 1329 crimine
569 1269 676 1330 motus
699 1288 797 1351 quum
820 1265 960 1329 Theseus
984 1266 1116 1348 epatre
1139 1261 1292 1346 Neptuno
1316 1281 1434 1344 poenas
1456 1261 1492 1324 in

280 1359 282 1366 ’
304 1367 402 1433 hlium
425 1369 596 1454 irrogavit,
616 1371 743 1454 juvenis
763 1369 857 1436 huius
877 1391 973 1454 opera
992 1368 1115 1434 miseris
1133 1367 1293 1432 cruciatur
1311 1365 1490 1430 tormentis.

299 1472 486 1559 Antequam
521 1475 694 1553 moriatur,
726 1475 832 1540 Diana
862 1480 998 1561 patrona
1027 1474 1244 1539 innocentiam
1275 1472 1342 1536 eius
1370 1470 1491 1535 Theseo

300 1580 421 1663 aperit,
453 1581 574 1645 addens
597 1603 630 1646 se
653 1604 726 1646 eum
750 1603 874 1646 servare
898 1602 965 1645 non
988 1579 1146 1665 potuisse;
1172 1578 1275 1663 legem
1299 1577 1383 1641 enim
1407 1577 1493 1642 inter

300 1705 430 1770 superos
451 1686 575 1771 vigere,
596 1709 677 1771 quae
699 1691 787 1752 vetet
799 1686 933 1752 alterum
946 1686 1039 1772 deum
1053 1685 1181 1750 alterius
1193 1683 1306 1749 studiis
1317 1703 1491 1747 occurrere.

300 1789 472 1875 Postquam
493 1777 624 1876 ‘juvenis
648 1814 719 1857 cum
744 1795 835 1878 patre
858 1793 893 1857 in
917 1793 1055 1877 gratiam
1079 1791 1191 1868 rediit,
1211 1789 1359 1875 spiritum
1377 1788 1491 1855 reddit.

344 1895 429 1960 Huic
463 1901 653 1981 argomento
687 1898 796 1963 subest
829 1898 910 1963 illud
941 1898 1026 1982 quod
1061 1897 1245 1982 frequenter
1276 1895 1344 1978 jam
1378 1894 1490 1979 depre-

297 1999 465 2066 hendimus
477 1999 618 2068 Graecae
631 2004 805 2088 sapientiae
816 2003 1028 2088 principium:
1052 2003 1170 2067 homo
1194 2004 1371 2066 naturae
1395 2022 1491 2065 suae

297 2106 411 2173 fines
435 2130 484 2173 ne
507 2109 765 2193 egrediatur.
789 2108 879 2186 Quod
903 2113 1108 2195 praeceptum
1132 2129 1263 2173 aureum
1285 2128 1383 2190 quum
1407 2109 1492 2190 apud

296 2213 435 2299 reliquos
465 2218 576 2298 poetas
605 2215 793 2301 plerumque
820 2216 1061 2301 comprohatum
1085 2214 1222 2279 vidimus
1246 2213 1358 2297 poenis
1380 2232 1489 2277 eorum

296 2319 352 2403 qui
384 2319 518 2405 imperio
544 2320 644 2385 nimia
667 2321 837 2407 complecti
859 2322 1072 2397 studuissent,
1097 2331 1154 2386 aut
1177 2319 1332 2405 sapientia
1355 2341 1412 2383 sua
1437 2341 1488 2384 ar-

297 2427 465 2510 rogantius
493 2427 604 2492 conlisi
632 2432 752 2513 essent,
778 2433 835 2492 aut
853 2432 985 2514 propter
1008 2427 1189 2513 superbiam
1212 2426 1359 2510 cuiquam
1380 2429 1490 2491 cedere

297 2531 485 2617 noluissent,
506 2533 540 2596 in
565 2532 626 2598 hac
647 2534 814 2618 tragoedia
836 2534 1047 2618 pulcherrime
1070 2532 1251 2598 illustratur
1273 2533 1417 2616 exemplo
1433 2533 1487 2618 ju·

295 2637 402 2714 venis,
427 2639 483 2723 qui
508 2638 608 2703 vitam
632 2640 748 2704 amoris
772 2644 935 2725 expertam
956 2660 1049 2724 agere
1069 2661 1164 2706 ausus
1183 2640 1345 2704 communi
1363 2639 1489 2723 generis

293 2741 428 2807 humani
451 2740 521 2827 lege
545 2744 739 2827 superiorem
762 2766 795 2808 se
818 2745 963 2827 putabat.

339 2847 450 2913 Venus
469 2850 768 2914 convenientissime
787 2851 854 2914 eius
873 2850 953 2934 legis
969 2853 1076 2935 partes
1095 2850 1177 2915 tueri
1196 2851 1322 2916 videtur
1333 2855 1365 2915 et
1378 2855 1487 2917 tamen

295 2952 356 3018 hoc
378 2953 482 3037 ipsum
504 2954 608 3019 effecit
627 2959 664 3019 ut
685 2962 751 3019 tem
771 2960 864 3040 turpe
883 2960 915 3020 et
934 2958 1001 3020 tam
1020 2956 1184 3020 infirmum
1203 2956 1308 3021 bacin
1321 2957 1486 3040 tragoedia

296 3059 442 3125 divinum
465 3058 651 3124 exhibeatur
673 3061 851 3146 imperium.
876 3061 960 3126 Nam
985 3062 1119 3127 crudelis
1139 3063 1198 3125 dea
1215 3062 1379 3146 pingenda
1399 3064 1485 3139 erat,

294 3165 411 3250 quippe
442 3164 588 3230 amabilis
619 3167 761 3250 castique
781 3167 911 3251 juvenis
934 3167 1066 3232 exitium
1090 3189 1207 3252 parans
1237 3166 1487 3232 innocentis

293 3268 432 3335 feminae
455 3271 561 3336 furore
584 3273 617 3335 et
637 3276 740 3336 morte
759 3272 926 3349 indecora3
947 3257 1028 3337 nihil
1047 3273 1147 3358 igitur
1166 3273 1228 3337 nisi
1246 3273 1325 3339 vitia
1345 3273 1488 3338 humana

292 3377 498 3442 ostendebat:
513 3377 645 3442 honoris
655 3377 810 3442 invidiam
822 3426 829 3457 ,
842 3379 1025 3456 saevitiam,
1039 3379 1269 3442 crudelitatem.
1291 3379 1390 3442 Poeta
1402 3379 1486 3444 hanc

291 3486 417 3569 turpem
431 3483 506 3547 deae
518 3482 691 3568 imaginem
705 3486 949 3568 contemplatus,
958 3506 1053 3569 quam
1066 3484 1133 3568 ipse
1146 3505 1162 3548 c
1174 3484 1329 3568 religione
1340 3484 1487 3568 populari

293 3594 377 3654 recte
400 3590 662 3667 adumbraverat,
683 3591 751 3656 eius
769 3591 960 3674 pravitatem
980 3588 1183 3655 vehementer
1201 3589 1364 3674 indignari
1381 3589 1487 3675 coepit

293 3695 445 3779 quoniam
461 3694 529 3778 jam
549 3695 680 3760 obscure
699 3696 727 3760 ei
746 3695 974 3761 obversabatur
993 3695 1102 3779 opinio
1121 3696 1195 3760 deos
1211 3699 1357 3779 oportere
1368 3697 1485 3780 probos

292 3822 376 3877 erse3
408 3805 476 3865 tum
508 3799 586 3865 haec
617 3802 728 3887 opinio
756 3801 812 3866 illa
835 3803 1059 3884 indignatione
1083 3806 1193 3866 mutuo
1216 3800 1431 3868 invalescebat
1453 3806 1485 3866 et

291 3906 556 3984 confirmabatur;
578 3909 642 3971 tam
664 3912 755 3993 pravi
774 3909 859 3974 enim
880 3910 911 3973 di
932 3908 1006 3973 ferri
1023 3929 1114 3990 posse
1127 3929 1192 3972 non
1205 3908 1404 3973 videbantur.
1428 3907 1484 3974 Se·

290 4011 448 4096 quebatur
477 4011 578 4096 igitur
608 4019 645 4077 ut
674 4013 708 4077 in
740 4017 852 4100 poetae
880 4035 974 4100 opere
997 4035 1123 4091 omnes,
1146 4014 1262 4097 quibus
1285 4013 1431 4078 Phaedra
1453 4018 1485 4079 et

290 4116 486 4202 Hippolytus
506 4118 596 4183 cordi
616 4122 738 4202 essent,
756 4119 912 4184 Venerem
926 4120 1158 4184 detestarentur
1170 4119 1328 4203 verbaque
1340 4119 1440 4205 impia
1451 4119 1486 4183 in

290 4244 360 4287 eam
383 4222 588 4308 conjicerent.
622 4222 729 4288 Etiam
754 4222 890 4289 Dianam
914 4224 1086 4310 Hippolyti
1110 4226 1278 4309 patronam
1299 4246 1316 4288 e
1337 4224 1487 4289 machina

289 4328 455 4392 veritatem
488 4327 684 4412 aperientem
716 4349 842 4395 necesse
864 4334 932 4395 erat
955 4329 1066 4394 acerbe
1086 4329 1250 4414 increpare
1272 4330 1389 4394 sororis
1412 4351 1487 4395 suae

297 4433 464 4498 feritatem.
503 4431 665 4499 Enuntiat
687 4455 763 4520 ergo
779 4435 957 4501 Phaedram
980 4435 1145 4500 incitatam
1169 4435 1305 4501 stimulis
1327 4436 1404 4501 deae
1426 4435 1487 4500 sibi

290 4539 514 4605 infestissimae
531 4540 734 4625 ‘privignum
763 4564 884 4608 amasse
903 4542 1004 4627 (1301
1030 4543 1124 4628 squ).
1156 4540 1311 4608 Theseum
1336 4542 1487 4608 severiter
