3418 5356
855 417 914 484 118

283 601 417 666 Lehrers
448 605 592 685 vortrdgt
615 601 779 665 sammelte
801 599 1009 665 Valckenaer.
1035 573 1109 662 ihre
1131 597 1238 682 Spitne
1258 597 1338 682 liegt
1360 598 1395 662 in
1420 600 1476 664 der

282 707 465 792 Apotheose
493 708 549 771 der
576 706 813 772 menschlichen
838 705 943 770 Seele:
970 707 1021 768 τὸν
1046 711 1112 769 νοῦν
1136 708 1219 779 ἡμῶν
1242 705 1373 770 ἑκάστου
1398 701 1475 771 οἶνον

284 812 364 890 θεάν,
401 814 477 879 oder
510 813 544 876 in
577 813 632 877 der
663 812 818 876 Identitdt
848 812 902 876 des
931 810 1108 894 glittlichen
1142 811 1208 875 und
1240 810 1476 876 mensehlichen

283 918 425 996 Gcistes,
449 919 557 982 woher
581 921 636 982 der
658 918 944 983 missvcrstandene
966 915 1154 1000 Ausspruch
1177 915 1251 982 Tro.
1271 917 1354 982 886:
1379 917 1475 995 Ζεὺς,

283 1023 341 1089 εἷς’
366 1024 490 1101 οὶνοίγνιν
515 1025 629 1103 Φύοεος
655 1022 719 1088 εἴτε
743 1028 808 1093 νοῦς
833 1023 982 1100 βροτῦν”.
1018 1021 1065 1085 At
1084 1024 1157 1106 jure
1179 1022 1373 1088 dubitaveris
1398 1045 1476 1086 num

283 1136 348 1201 νοῦς
381 1129 496 1207 βροτῶν
525 1129 787 1214 interpretandus
817 1129 875 1193 sit:
910 1150 998 1192 mens
1029 1128 1259 1212 Anaxagorea‚
1289 1129 1344 1214 qui
1367 1151 1477 1194 sensus

281 1235 422 1320 profecto
435 1235 503 1300 erui
515 1257 580 1300 non
593 1239 699 1320 potest
713 1235 774 1300 nisi
786 1235 982 1318 cogitatione
993 1235 1153 1300 inseratur
1165 1229 1222 1306 οἷος
1233 1258 1241 1318 ;
1253 1255 1313 1301 sc:
1335 1233 1397 1300 εἴτε
1410 1240 1474 1308 νοῦς

281 1337 359 1414 οἷος
383 1343 499 1422 βροτῶν
511 1341 549 1428 ¹).
573 1341 765 1406 Bouterwek
785 1362 912 1426 quoque
928 1341 1076 1406 observat
1096 1343 1251 1427 (pg.1o):
1276 1365 1374 1406 »uam
1386 1364 1476 1406 mens

281 1449 381 1514 totius
416 1449 530 1514 mundi
561 1449 720 1532 quomodo
753 1447 909 1511 concinne
932 1469 1022 1512 mens
1045 1447 1230 1512 mortalium
1253 1447 1476 1533 appelleturl”

242 1549 244 1554 ’
280 1553 379 1619 Putat
397 1554 450 1619 hic
469 1553 632 1638 Euripidis
652 1553 759 1617 animo
780 1553 912 1617 obscure
930 1552 1130 1618 obversatam
1151 1575 1218 1618 osse
1238 1553 1384 1636 magistri
1402 1575 1475 1617 sen-

280 1659 431 1736 tentiam,
455 1682 551 1744 quam
572 1680 637 1724 non
657 1660 734 1724 satis
751 1659 946 1743 perspexerit
957 1656 992 1742 ²).
1015 1658 1134 1723 Verum
1146 1659 1271 1723 etiamsi
1283 1663 1348 1730 νοῦς
1361 1659 1476 1737 βροτῶν

279 1764 381 1849 possit
411 1765 592 1850 significare
623 1768 762 1830 mentem
794 1787 851 1849 per
881 1768 985 1830 totum
1018 1767 1173 1828 mundum
1203 1764 1325 1843 fusam,
1350 1765 1476 1849 qualem

280 1870 341 1936 sibi
361 1870 569 1954 Anaxagoras
589 1869 700 1946 finxit,
723 1873 830 1934 tamen
851 1870 928 1933 haec
948 1870 986 1934 de
1008 1874 1123 1934 natura
1143 1870 1272 1948 deorum
1294 1871 1477 1955 conjectura

281 1998 348 2041 non
368 1977 456 2041 velut
474 1976 698 2060 fastigium
720 1975 906 2059 disciplinae
918 1998 936 2038 a
948 1980 1155 2060 praeceptore
1174 1979 1318 2060 receptae
1330 1975 1478 2041 habenda

281 2088 345 2160 est,
359 2083 519 2168 siquidem
541 2086 635 2167 poeta
654 2103 723 2146 eam
743 2081 902 2146 dubitanti
923 2082 1030 2146 animo
1043 2082 1138 2146 simul
1150 2104 1222 2147 cum
1235 2082 1306 2146 aliis
1318 2081 1475 2159 tentavit,

281 2210 341 2253 nec
364 2189 425 2252 nisi
450 2209 530 2252 uno
556 2187 617 2254 hoc
639 2188 717 2252 loco.
744 2189 827 2253 Nam
853 2187 934 2252 alter
956 2188 1062 2264 locus,
1086 2209 1181 2273 quem
1206 2186 1326 2254 Bernh.
1348 2188 1475 2273 tangit,

281 2315 321 2360 ex
336 2294 460 2358 incerta
471 2296 554 2378 trag.
566 2298 710 2359 servatus
723 2315 743 2356 a
753 2292 864 2358 multis
875 2293 1083 2376 scriptoribus
1095 2294 1171 2379 (vid.
1186 2292 1282 2358 Dind.
1297 2293 1337 2358 fr.
1353 2295 1455 2380 1997)
1467 2318 1475 2360 :

531 2400 544 2463 l
569 2403 635 2471 νοῦς
660 2399 723 2477 γὰρ
748 2400 831 2475 ἡμῶν
856 2399 938 2463 ἐστιν
964 2399 994 2462 ἐν
1018 2399 1138 2477 ἑκάστῳ
1164 2398 1245 2476 θεάς,

280 2507 320 2570 ad
352 2508 490 2570 mentem
521 2505 765 2589 Anaxagoream
799 2526 864 2569 non
896 2505 1021 2571 videtur
1043 2504 1153 2570 referri
1177 2528 1279 2590 posse.
1304 2505 1365 2571 Hic
1389 2507 1475 2572 enim

282 2633 371 2677 mens
394 2612 535 2675 humana
559 2632 625 2674 non
648 2610 757 2676 diviua
780 2610 831 2676 vel
854 2610 981 2674 divinae
1005 2611 1121 2675 mentis
1144 2611 1301 2695 particula
1325 2614 1379 2678 sed
1402 2613 1476 2678 uni-

281 2719 392 2802 cuique
428 2718 524 2781 deus
559 2738 625 2781 esse
648 2716 812 2801 perspicue
836 2715 970 2792 dicitur,
994 2717 1260 2800 quemadmodum
1282 2718 1394 2784 Oicero
1415 2742 1476 2784 an·

280 2825 406 2888 notavit
419 2825 453 2910 ³).
478 2822 628 2906 Suspicor
646 2821 747 2906 igitur
767 2822 872 2904 potius
893 2822 954 2887 hoc
977 2823 1070 2887 modo
1090 2823 1368 2908 interpretandum
1389 2848 1474 2891 esse:

280 2930 451 3013 unicuique
474 2931 613 2992 mentem
637 2949 703 2993 erse
726 2928 814 2993 velut
833 2931 945 3006 deum,
964 2929 985 2993 i.
1006 2951 1033 2995 e.
1055 2952 1316 3016 unumquemque
1337 2936 1476 2998 mentem

281 3056 371 3099 suam
395 3033 484 3119 sequi
506 3033 594 3098 velut
617 3034 745 3113 deum”‚
770 3038 806 3099 ut
829 3038 914 3118 apud
933 3035 1142 3100 Plutarchum
1163 3037 1257 3121 (lior.
1280 3058 1333 3123 pg.
1356 3039 1421 3103 999
1434 3040 1476 3125 Ε)

282 3140 462 3206 Heraclitus
485 3140 600 3205 dixisse
619 3143 784 3206 narratur:
807 3139 872 3215 ἦθος
894 3140 1048 3220 ἀνθρώπου
1068 3141 1196 3226 δαίμων,
1210 3143 1475 3210 etlllcnandenl

281 3253 345 3319 νοῦς
371 3247 434 3324 yolo
460 3249 532 3324 ἡμῖν
555 3245 617 3318 θεός
632 3243 669 3332 4).
694 3245 781 3311 Haec
799 3246 899 3331 igitur
920 3249 1080 3314 sentcntia
1101 3270 1166 3313 non
1182 3251 1331 3313 naturam
1344 3250 1476 3315 deorum

280 3355 334 3418 sed
358 3353 465 3436 potius
488 3353 552 3418 rim
576 3353 692 3417 mentis
715 3351 874 3418 humanae
899 3352 1045 3438 explicat.

326 3458 494 3544 Euripides
529 3480 605 3544 ergo
640 3459 736 3524 etiam
768 3459 802 3523 in
837 3459 887 3524 his
917 3459 1108 3545 conjecturis
1142 3460 1181 3524 de
1204 3465 1320 3526 natura
1342 3462 1474 3527 deorum

281 3588 394 3652 parum
417 3566 586 3651 profecisse
608 3587 784 3651 parumque
807 3564 869 3629 sibi
892 3565 1072 3630 constitisse
1094 3565 1269 3648 videturl).

314 3803 342 3868 1)
359 3801 454 3852 Scholia
471 3805 495 3852 et
511 3802 558 3852 alin
575 3803 652 3853 multa
669 3809 694 3854 ct
710 3820 758 3854 non
775 3804 837 3853 male
855 3803 900 3852 hoc
918 3804 1057 3854 offerunt&
1075 3801 1161 3861 διήκων
1179 3801 1223 3854 ἐπὶ
1239 3803 1338 3865 πάντας
1355 3807 1417 3864 νοῦς.

314 3885 341 3947 2)
359 3885 395 3934 Cf.
413 3900 452 3950 pg.
469 3883 502 3938 ‘14
519 3888 602 3934 annot.

313 3969 340 4030 8)
349 3968 417 4017 Ture.
425 3967 445 4017 1.
451 3967 528 4026 mh
539 3981 609 4032 aergo
619 3967 720 4028 animur,
731 3972 756 4018 ut
766 3985 809 4033 ego
818 3969 878 4028 dico,
888 3968 991 4028 divinus,
1001 3973 1028 4018 ut
1037 3969 1163 4035 Euripides
1172 3970 1243 4019 audet
1252 3969 1337 4030 dicere,
1347 3971 1404 4021 deur
1412 3970 1474 4022 σοῦ’

312 4050 340 4112 4)
363 4049 520 4113 aliquatenus
542 4049 677 4114 comparari
700 4054 778 4115 potest
793 4050 867 4116 ipsius
885 4049 945 4100 llur.
962 4051 991 4100 fr.
1011 4051 1068 4116 (lo)
1086 4066 1114 4100 ox
1134 4052 1205 4101 Aeolo
1223 4055 1344 4102 serratum
1362 4068 1376 4100 a
1393 4053 1474 4105 Schol.

280 4131 402 4197 Aristoph.
420 4133 450 4181 cd
466 4133 527 4182 Rau.
546 4129 624 4182 147⁶:

564 4211 595 4260 r!
609 4208 630 4260 δ’
647 4211 753 4275 alamir
769 4212 796 4271 ἢν
813 4215 847 4276 μν)
864 4216 932 4264 τοῖον
950 4213 1088 4278 marciarce
1107 4212 1179 4280 δοκῇ,

279 4295 313 4344 ita
327 4299 407 4345 tamen
424 4299 450 4345 ut
465 4296 511 4345 hcc
523 4295 653 4358 significet:
663 4301 1042 4362 unumquemquementemsucm
1058 4297 1125 4347 rinc
1142 4298 1390 4364 reprehensione
1406 4302 1477 4364 νηιιί

276 4392 355 4444 porro,
373 4376 435 4428 illud
452 4394 521 4429 voro:
543 4392 738 4444 unumquemque
755 4382 860 4430 mentam
876 4395 943 4430 ruam
959 4379 1026 4444 requi
1043 4379 1128 4430 colera

311 4462 340 4524 ὅ)
357 4456 430 4510 Haud
454 4460 525 4511 dubia
539 4464 628 4512 tamen
652 4459 777 4510 nonnuliis
803 4461 840 4512 his
863 4461 955 4527 paginis
979 4460 1062 4511 relrtir
1086 4464 1110 4511 ct
1132 4460 1244 4512 Pirithoo
1262 4463 1371 4514 drsmclc
1389 4465 1472 4530 spurio

274 4541 334 4608 (rid.
353 4556 392 4606 pg.
407 4539 439 4592 is
453 4543 501 4604 sq.)
515 4543 603 4592 nititur
620 4542 803 4592 Valokcucarius
817 4543 921 4594 scribens
936 4543 988 4608 (pg.
1005 4542 1087 4607 89ο)ν
1106 4545 1244 4602 elicorum,
1261 4543 1475 4607 quaesomus
