3422 5362
20 4585 377 5013 l

759 445 819 510 141

197 649 279 712 quae
311 626 456 694 homines
487 629 572 692 vetet
603 629 735 692 naturae
767 625 927 692 humanae
957 626 1037 693 fines
1068 630 1233 708 excedere,
1256 629 1390 695 humani

197 734 368 820 quidquam
392 757 412 799 a
435 755 468 798 ss
491 732 629 798 alienum
655 737 786 818 putore3
811 755 910 818 quare
932 733 968 799 in
991 735 1111 820 templo
1131 735 1292 822 Apollinis
1312 735 1389 801 Del·

197 839 302 925 phici,
321 840 377 925 qui
396 861 464 905 non
484 838 585 904 solum
606 839 746 925 regionis
761 840 816 904 sed
835 844 868 905 et
882 840 1006 926 ingenii
1019 840 1132 907 Graeci
1144 841 1388 924 eratduqlcnu,

197 945 387 1030 inscriptum
422 949 493 1011 erat
521 945 613 1022 μηδὲν
648 945 746 1024 ἄγαν.
782 945 951 1031 Euripides
982 969 1109 1034 quoque
1140 971 1268 1015 auream
1298 950 1387 1014 illam

196 1052 445 1118 mediocritatem
480 1051 640 1119 laudabat.
676 1050 873 1136 Frequenter
901 1053 937 1118 in
968 1053 1036 1118 eius
1068 1053 1184 1120 fabulis
1217 1055 1390 1122 occurrunt

195 1157 355 1236 homines,
386 1159 442 1243 qui
471 1158 566 1224 huius
589 1157 751 1242 praecepti
774 1157 913 1242 neglecti
935 1179 1054 1244 poenas
1077 1160 1168 1226 dant.
1192 1159 1389 1246 Hippolytus

196 1263 290 1349 periit
318 1265 405 1350 quod
435 1287 468 1330 se
499 1284 607 1330 amore
638 1284 743 1329 carere
765 1285 859 1348 posse
881 1265 1036 1348 putebat,
1061 1263 1277 1351 Bellerophon
1301 1267 1388 1352 quod

195 1373 279 1434 terra
308 1370 419 1436 relicte
445 1370 526 1436 coeli
556 1369 701 1455 regiones
735 1375 841 1456 petere
873 1392 970 1436 ausus
992 1375 1071 1436 erat.
1096 1371 1255 1438 Adrastos
1279 1373 1389 1438 omnia

196 1476 368 1561 perdidisse
396 1475 589 1561 intelligitur
619 1476 694 1562 quie
724 1476 909 1562 arrogantia
936 1477 1038 1542 elatus
1063 1478 1161 1544 nimia
1185 1481 1391 1566 appetivisset

196 1581 243 1666 (in
274 1581 415 1668 Suppl.);
447 1605 557 1648 rursus
579 1583 626 1668 (iu
651 1585 762 1646 eodem
786 1582 943 1666 dramate)
964 1583 1033 1667 ipse
1055 1584 1194 1668 populus
1217 1584 1391 1650 Thebanus

196 1693 327 1774 propter
349 1689 435 1768 ὕβριν
460 1713 479 1754 a
500 1689 623 1755 Theseo
646 1687 843 1764 devincitur;
863 1688 1027 1754 Pentheus
1047 1689 1160 1755 misere
1179 1691 1392 1756 obtruncatur

196 1797 280 1879 quod
303 1817 381 1881 prae
403 1796 551 1882 superbia
571 1795 751 1880 Dionysum
775 1815 841 1859 uon
863 1795 1058 1879 agnoscebat
1079 1817 1146 1862 esse
1169 1799 1273 1864 deum.

124 1931 130 1944 ¹
241 1901 363 1988 Magna
391 1923 517 1988 quoqne
547 1907 596 1967 est
627 1901 859 1966 sententiarum
888 1900 980 1985 eopia
1004 1902 1113 1967 eodem
1138 1903 1390 1988 pertinentium,

198 2030 332 2094 quarum
354 2008 528 2074 nonnullas
549 2028 736 2093 proponam.
763 2005 882 2072 Nutrix
904 2006 939 2072 iu
963 2007 1076 2072 Medea
1098 2009 1209 2094 (125):

400 2121 458 2182 τῶν
482 2116 546 2196 γὰρ
569 2116 715 2196 μετρίων,
738 2114 864 2199 iuquit,
888 2119 996 2192 τρῶτιι
1019 2115 1076 2190 μέν
1100 2115 1197 2180 εἰπεῖν

400 2221 533 2300 τιῦννμιι
558 2229 646 2305 νικᾷ,
670 2222 803 2302 χρῆσθαι
826 2243 860 2284 τι
886 2221 993 2300 μιιιιρῷ

404 2331 512 2408 ιιῷττιι
534 2328 697 2408 βριτιῖτιν.

244 2436 408 2502 Phaedrae
438 2435 547 2500 nutrix
579 2434 614 2499 in
644 2433 822 2517 Hippolyto
851 2433 929 2498 dicit
951 2434 1032 2519 (253
1055 2436 1139 2517 sqq.)
1161 2435 1309 2518 oportere
1332 2433 1391 2498 ho·

201 2543 321 2608 minum
344 2541 501 2606 amicitias
524 2563 590 2606 esse
613 2540 770 2622 modicas,
794 2538 840 2604 ita
864 2542 900 2603 ut
922 2538 1016 2604 facile
1036 2539 1253 2622 conglutinari
1274 2542 1308 2604 et
1326 2539 1392 2604 dis·

201 2649 312 2714 sociari
342 2649 476 2734 possint.
507 2647 615 2714 Tertia
639 2646 748 2712 nutrix
770 2645 804 2711 in
829 2645 1005 2712 Hermiona
1028 2645 1232 2730 reprehendit
1256 2646 1390 2711 nimium

202 2755 307 2820 odium
346 2754 607 2833 Andromachae,
639 2754 694 2818 sed
724 2755 758 2817 et
788 2753 922 2818 nimium
954 2756 1074 2818 metum
1107 2774 1147 2817 ne
1177 2752 1312 2817 maritus
1331 2751 1392 2818 sibi

202 2861 354 2926 irascatur
375 2862 461 2947 quod
484 2859 627 2924 inillam
653 2863 719 2924 tem
743 2859 914 2924 crudeliter
937 2863 1080 2942 grassata
1103 2861 1185 2923 esset
1205 2859 1285 2943 (866
1297 2859 1392 2944 sqq).

202 2966 324 3033 Iocaste
346 2968 381 3032 iu
406 2966 586 3032 Phoenissis
610 2965 692 3032 tilios
715 2965 843 3050 flagitet
865 2969 902 3029 ut
924 2965 1079 3029 omittant
1097 2964 1132 3028 τὸ
1152 2965 1234 3029 elan.
1258 2963 1298 3029 In
1319 2963 1391 3048 lph.

202 3072 273 3139 hul.
299 3073 441 3140 Achilles
464 3077 503 3138 de
526 3094 583 3138 suo
608 3073 714 3138 animo
737 3070 900 3157 praedicat
923 3071 1034 3156 (920):

426 3182 596 3246 ι’τίστιιτιιι
621 3180 652 3244 li
676 3185 739 3250 τοῖς
762 3180 885 3244 saxeis!
907 3176 936 3242 τ’
960 3177 1131 3260 duxeris,

427 3287 555 3368 μετρίως
580 3309 615 3352 τε
639 3285 761 3366 χαίρειν
782 3293 876 3350 τοῖσιν
900 3281 1136 3362 disposuisses.

427 3391 643 3472 λελογισμένοι
666 3393 731 3472 γὰρ
753 3391 779 3457 cl
803 3389 904 3456 τοιοίδ’
929 3389 1004 3454 εἰσιν
1028 3388 1143 3466 βροτῶν

427 3503 513 3580 ὀρθῶς
539 3499 644 3582 διαζῆν
667 3501 719 3564 τὸν
742 3497 810 3575 βίον
835 3499 961 3574 γνώμης
986 3493 1070 3572 ates
1084 3491 1119 3572 ¹).

248 3607 309 3674 Sed
340 3607 451 3672 docuit
479 3605 648 3690 Hippolyti
674 3603 827 3688 expositio
851 3603 925 3682 (vid.
950 3620 1004 3685 pg.
1029 3598 1202 3684 99-101)
1227 3620 1300 3664 eum
1326 3619 1393 3662 non

200 3733 324 3800 semper
354 3733 455 3799 aequo
487 3711 594 3776 animo
623 3710 706 3776 ferre
736 3731 856 3795 poenas
887 3710 921 3772 et
946 3710 1080 3770 mortem
1103 3725 1211 3770 eorum
1235 3703 1292 3788 qui
1313 3703 1393 3768 illud

200 3829 407 3906 praeceptum
444 3842 509 3885 non
544 3816 800 3894 observaverint,
834 3836 942 3880 verum
978 3811 1182 3876 vehementer
1211 3809 1392 3894 indignari,

199 3927 328 4010 quoties
351 3925 497 4012 generosi
520 3928 552 3989 et
574 3923 666 4010 probi
690 3923 750 3988 hac
773 3923 812 3987 de
833 3942 930 3987 causa
950 3919 1093 4004 pereant

250 4029 400 4118 Suspicor
430 4029 688 4116 Bellerophontis
718 4027 853 4094 similem
876 4025 972 4090 fuisse
994 4023 1162 4089 rationem.
1187 4019 1236 4086 Ex
1259 4019 1395 4086 aliorum
1422 4013 1427 4022 '

235 4339 265 4398 1)
284 4339 319 4388 Ol.
336 4339 455 4391 hlcmecn.
473 4337 503 4391 lr.
521 4337 566 4390 so,

505 4423 639 4486 βριτιϊρτ
621 4414 756 4486 τιιίιμιιζ
772 4411 923 4480 τόνμέτιιν
892 4417 1022 4466 ιιντΙιιτιι
1039 4415 1138 4472 ν4ιτ.ινρ

506 4503 563 4554 dclv
581 4501 698 4560 tremes
700 4497 881 4562 ιιτνςιιόμινῡ
899 4497 985 4560 sapin
1003 4495 1090 4562 φίριιν.

121 4585 253 4678 ‘vid
175 4587 398 4852 physon
417 4588 502 4638 Bacch.
520 4585 602 4640 ldi—
603 4585 661 4646 481,
679 4583 822 4636 Andromeni
841 4582 871 4632 ir.
886 4581 948 4640 128.
966 4581 995 4630 ln
998 4580 1109 4638 ...title
1118 4579 1176 4630 ⁴88.
1186 4574 1396 4630 Philocr.h..we
