3422 5362
765 454 828 518 159

201 639 334 705 honesto
358 658 465 702 amore
489 637 640 700 nituntur
663 635 870 701 Andromeda
893 633 1047 700 Alcmeon
1068 631 1295 720 Psophidensia
1314 631 1396 702 Pross

201 743 330 810 tesilam
346 741 385 826 ¹);
417 739 589 808 inhonesto
618 741 816 826 Hippolytus
851 741 975 807 velatus
1004 741 1123 806 Aeolus
1150 737 1296 826 Oercyon
1316 742 1397 828 (sive

201 849 319 936 Alope)
340 848 484 933 Antiope
506 847 597 932 Auge
620 846 731 912 Danae
751 845 881 912 Cressae
893 847 1061 913 Cretenses
1073 847 1254 932 Melanippa
1266 848 1395 932 sapiens

199 956 310 1021 Peleus
340 953 541 1020 Stheneboea
576 952 729 1018 Phoenix.
744 955 770 1037 ²)
798 951 968 1028 Quaeritur
991 975 1033 1017 an
1056 952 1238 1018 huiusmodi
1262 954 1396 1018 materia

199 1062 232 1126 in
264 1060 388 1146 pulpito
419 1060 565 1145 exposita
599 1059 740 1125 moribus
773 1057 1042 1136 Atheniensibus,
1066 1066 1155 1143 'quos
1185 1059 1270 1124 leves
1299 1058 1398 1126 fnisse

201 1169 335 1250 munus,
357 1187 471 1232 nocere
494 1167 634 1250 potuerit
657 1166 793 1250 ideoque
814 1164 1026 1249 improbanda
1051 1164 1103 1228 sit

246 1273 317 1338 Viri
336 1272 549 1338 Athenienses
570 1272 718 1337 videntur
737 1291 803 1337 non
824 1272 928 1336 solnm
948 1271 1085 1336 caelibes
1104 1271 1159 1336 sed
1178 1271 1275 1336 etiam
1288 1272 1396 1336 mariti

201 1379 290 1444 nullo
309 1400 382 1444 cum
401 1378 519 1462 probro
541 1378 589 1443 rel
609 1378 761 1443 dedecore
781 1376 882 1442 amori
905 1377 1053 1462 pellicum
1075 1380 1109 1442 et
1134 1377 1315 1442 heterarum
1344 1378 1397 1442 in·

202 1484 351 1561 hahuisse,
383 1488 441 1549 aut
468 1483 502 1548 hi
525 1488 610 1549 certe
628 1483 690 1548 hoe
713 1483 866 1550 facientes
888 1482 923 1547 in
946 1482 1208 1567 reprehensiones
1233 1504 1298 1549 non
1323 1505 1398 1568 gra·

202 1591 304 1657 viores
326 1591 495 1656 incurrisse
517 1612 614 1677 quam
639 1591 723 1673 apud
748 1611 806 1654 nos
830 1589 974 1655 caelibes.
1010 1587 1071 1654 Sed
1091 1611 1188 1674 quam
1208 1589 1271 1654 sibi
1292 1591 1400 1654 mariti

203 1695 416 1761 Athenienses
436 1696 562 1761 veniam
579 1695 735 1780 petebant
754 1715 819 1759 non
841 1695 964 1759 dabant
986 1694 1146 1770 vioissim;
1167 1717 1241 1760 nam
1265 1695 1347 1760 filias
1366 1700 1401 1760 et

205 1823 318 1868 uxores
340 1802 374 1867 in
399 1803 550 1868 domuum
575 1823 698 1867 recessu
721 1801 763 1867 ab
786 1801 876 1865 omni
899 1801 1041 1865 virorum
1064 1821 1236 1886 congressu
1260 1805 1397 1868 semotas

204 1909 400 1974 severissma
430 1908 575 1974 custodia
598 1908 859 1986 circumdabant,
884 1930 924 1972 ne
950 1907 1172 1973 castimoniam
1196 1909 1399 1993 projicerent.

205 2014 393 2080 Mulieribus
415 2015 515 2100 igitur
537 2014 647 2080 nullus
669 2014 718 2078 vir
740 2015 897 2079 amandus
918 2014 983 2078 suit
1007 2014 1070 2078 nisi
1094 2015 1146 2079 oui
1169 2036 1189 2078 a
1211 2014 1400 2099 parentibus

206 2126 312 2187 essent
330 2122 434 2186 datae.
458 2121 499 2188 In
518 2121 581 2186 illis
600 2125 707 2186 autem
726 2121 899 2205 tragoediis
911 2119 1238 2204 prodibantvirgines
1251 2120 1400 2198 vitiatae,

206 2233 371 2294 matronae
389 2227 528 2293 alienum
549 2249 689 2292 amorem
709 2229 873 2310 petentes,
894 2247 997 2310 neque
1017 2247 1072 2290 eae
1091 2224 1227 2290 ancillae
1246 2223 1400 2290 vellami-

208 2355 268 2398 nae
298 2332 413 2398 humili
443 2334 556 2398 saltem
584 2333 655 2397 loco
678 2335 785 2408 ortae,
810 2353 920 2396 verum
943 2351 1056 2414 regum
1079 2330 1174 2396 filiae.
1211 2334 1341 2414 ltaque,
1365 2334 1403 2394 ut

207 2443 329 2506 taceam
362 2438 563 2523 turpissimos
594 2438 717 2503 furores
746 2437 781 2502 in
807 2436 909 2504 Aeolo
933 2441 966 2502 et
989 2436 1196 2502 Cretensibus
1220 2435 1399 2513 exhibitos,

208 2545 379 2611 verendum
399 2547 469 2610 erat
488 2567 528 2609 ne
549 2544 710 2621 mulieres,
731 2566 829 2630 quum
853 2544 1037 2629 frequenter
1059 2545 1242 2628 spectarent
1266 2542 1402 2607 feminas

209 2650 331 2715 nobiles
352 2673 372 2714 a
391 2649 467 2714 viris
486 2649 635 2735 pellectos
656 2653 712 2714 aut
728 2650 778 2714 sni
799 2650 917 2714 amoris
935 2649 967 2714 vi
979 2653 1162 2734 corruptas,
1175 2649 1262 2733 ipsae
1274 2669 1401 2733 quoque

209 2760 344 2822 naturae
374 2757 495 2840 impetu
517 2756 723 2841 indulgentes
750 2756 877 2822 facilius
899 2757 940 2820 ad
962 2777 1085 2821 amores
1108 2755 1238 2820 illicitos
1261 2755 1402 2820 declina-

208 2866 282 2927 rent
293 2866 330 2947 ³).
355 2861 438 2928 Nam
459 2862 515 2926 ubi
537 2861 671 2927 alicuius
694 2863 764 2927 vitii
788 2863 883 2947 culpa
906 2863 1032 2927 minuta
1051 2865 1085 2926 et
1103 2861 1285 2946 frequentia
1305 2881 1403 2945 expo·

209 2969 354 3048 silerent,
376 2971 524 3055 protinus
547 2991 673 3053 quoque
697 2970 832 3034 dedecus
856 2969 1018 3034 sublatum
1043 2974 1100 3034 est.

254 3074 334 3140 Turn
356 3075 433 3140 viris
452 3096 578 3160 quoque
589 3075 663 3140 illae
674 3075 801 3140 fabulae
815 3078 1095 3159 nocerepoterant.
1110 3073 1195 3139 Nam
1207 3074 1352 3158 quamvis
1364 3073 1404 3137 iis

208 3181 318 3248 liceret
337 3181 555 3266 voluptatibus
574 3181 656 3258 frui,
683 3186 791 3246 tamen
815 3182 1067 3266 ignominiosum
1088 3184 1157 3246 erat
1178 3182 1306 3244 tantum
1330 3177 1406 3244 huic

208 3287 254 3352 rei
284 3288 442 3364 tribuere,
476 3289 514 3351 ut
542 3288 668 3353 animus
691 3291 839 3372 perderet
862 3289 1055 3372 aequitatem
1079 3287 1329 3370 facultatemque
1352 3306 1405 3349 sa-

246 3509 272 3571 l)
288 3509 538 3560 Andromedam
564 3510 647 3560 beluae
673 3510 805 3578 expositam
828 3509 915 3562 liberat
938 3511 1039 3560 Perseus
1063 3509 1198 3574 necetisque
1221 3508 1316 3573 Oepheo
1338 3509 1407 3572 patre

210 3588 348 3654 Phineoqne
364 3596 471 3640 emstcre
488 3592 596 3657 puellae,
613 3594 657 3658 qni
674 3595 743 3644 tidem
761 3594 899 3658 fregissem,
920 3609 1018 3642 uxorem
1034 3593 1108 3642 ducit.
1127 3590 1315 3642 Alcmeonis
1333 3591 1407 3640 Pso-

211 3671 397 3738 phidensis
418 3679 587 3739 argumentum
604 3680 657 3724 erat
674 3676 765 3725 invidia
782 3675 907 3725 muliebris
924 3675 1002 3738 qualis
1019 3678 1055 3724 est
1074 3675 1179 3723 Medeae
1204 3671 1407 3723 Protesilai

211 3755 283 3806 assini
299 3771 457 3807 meramors
474 3757 538 3806 victe
554 3758 620 3807 ultro
637 3757 682 3808 sihi
701 3773 781 3807 neoem
798 3758 880 3807 inlert.

246 3838 512 3904 ttldippolytus
542 3839 684 3890 velatus
710 3840 811 3890 eandem
836 3837 954 3888 tractabat
979 3837 1089 3902 raythum
1114 3854 1185 3902 qnam
1212 3837 1246 3888 Η.
1265 3839 1407 3898 Ιοονοιιιὶαι.

212 3921 308 3972 Pariter
328 3920 433 3970 Peleo
456 3920 701 3972 Stheneboeae
724 3920 896 3972 Phoenici
913 3919 1010 3970 suberat
1027 3936 1095 3970 amor
1113 3919 1236 3971 muliebris
1252 3917 1408 3982 ejurenibus

211 4007 310 4069 propter
326 4003 467 4068 pudicitiam
485 4003 631 4068 repudiatus.
657 4003 769 4069 Alope
794 4002 944 4068 Antiope
961 4005 1053 4066 Auge
1072 4004 1186 4051 Danae
1205 3999 1408 4065 Melanippo

212 4085 316 4149 virgines
337 4099 352 4132 s
375 4085 422 4134 diis
444 4085 543 4134 vitiatae
559 4083 697 4151 perentibus
719 4100 806 4151 poenas
829 4085 899 4142 dant;
917 4083 1030 4133 similiter
1047 4086 1140 4146 Atrope
1158 4085 1183 4134 in
1200 4081 1341 4132 Cressis
1357 4097 1408 4132 rem

213 4165 367 4216 habenarum
380 4167 457 4232 petris
473 4167 592 4218 ministro.
610 4165 710 4217 Aeoli
728 4170 896 4231 argumentum
905 4170 958 4216 erat
968 4166 1074 4216 Mummi
1084 4166 1218 4230 sororisque
1227 4165 1334 4214 &nme
1340 4177 1410 4214 emor

213 4247 331 4306 maen.
349 4249 572 4300 Cretensium
590 4250 658 4300 iuror
675 4247 807 4315 Pasiphste
823 4253 921 4298 murum
939 4249 1097 4314 depereuntis.

248 4331 274 4388 8)
294 4330 466 4396 Aristophanes
484 4347 542 4382 sane
561 4348 609 4382 non
626 4332 651 4382 id
666 4333 856 4396 argumentatur.
873 4331 978 4396 Roganti
994 4330 1105 4396 Euripidi
1123 4331 1148 4380 in
1165 4328 1411 4394 eulandrensis

214 4412 305 4464 civitati
323 4413 448 4464 nocuerint
464 4413 625 4464 Stheneboeae
642 4429 698 4464 sues
715 4412 845 4474 Aeschylus
861 4413 997 4478 respondet:

399 4495 439 4544 ὅτι
461 4495 578 4560 γενναίας
595 4494 637 4546 eal
653 4496 770 4560 γενναίαν
787 4492 878 4556 ἀνδρόν
894 4492 1009 4558 ἀλόχους
1025 4492 1159 4553 binaeue

399 4576 486 4630 asiam
504 4580 583 4636 asaia,
600 4576 781 4642 alexandricae
798 4574 839 4626 ne
857 4577 918 4634 rete
936 4576 996 4635 sade
1013 4577 1217 4642 transpontinae.
