3422 5362
874 679 931 745 VI.

350 821 447 887 Errat
466 845 495 888 v.
517 825 547 886 d.
568 822 687 886 Miiller
707 820 863 906 Stm'ibing
884 822 938 886 ubi
957 821 1125 887 contendit
1141 822 1319 906 (Aristoph.
1333 843 1364 888 u.
1377 821 1408 888 d.
1422 820 1498 886 hist.

306 944 415 1009 Kritik
438 964 492 1030 pg.
518 945 710 1030 ccc-639)
737 945 848 1023 αἱρετὸν
871 947 957 1029 apud
980 943 1197 1030 Thucydidem
1221 943 1304 1008 nihil
1322 943 1501 1028 significare

307 1065 368 1130 nisi
391 1066 455 1130 vim
479 1070 512 1131 et
533 1066 676 1152 vigorem
700 1066 734 1130 in
758 1067 897 1132 consiliis
919 1067 1127 1152 exsequendis
1147 1065 1500 1154 (senergischesrdck-

308 1187 489 1253 sichtsloses
512 1187 687 1273 Verfolgen
712 1188 798 1254 eines
822 1188 1028 1254 bestimmten
1052 1187 1247 1273 Zweckes'’)‚
1276 1209 1377 1273 neque
1400 1187 1501 1273 igitur

309 1310 393 1394 apud
424 1309 510 1375 hunc
542 1310 728 1394 scriptorem
758 1310 821 1376 VII
854 1313 896 1376 86
930 1311 980 1375 διὰ
1012 1314 1067 1386 τὴν
1097 1314 1204 1376 σιἰσαν
1231 1311 1260 1381 ἐς
1286 1311 1396 1390 αἱρετὴν
1419 1333 1500 1375 νενι-

310 1432 461 1510 μισιιθνιρν
485 1432 695 1511 ἐπιτήδευσιν,
719 1433 817 1498 verbs
841 1433 871 1506 ἐς
895 1435 1005 1514 θρεσθρν
1027 1433 1161 1497 delenda
1183 1436 1267 1497 sunt.

870 1600 944 1667 VII.

354 1744 469 1811 Aesch.
495 1745 599 1809 Prcm.
628 1745 709 1810 848:

353 1866 459 1930 Prom.
485 1866 618 1929 ἐνταῦθα
643 1865 678 1940 δή
700 1890 734 1930 σε
760 1864 835 1937 Ζεὺς
860 1867 975 1939 σι’θνισιν
1000 1864 1139 1946 ἔμφρονα

487 1989 632 2072 [ἐπαφῶν
656 1987 796 2067 ἀταρβεῖ
818 1988 898 2068 χειρὶ
923 1987 975 2053 καὶ
998 1988 1089 2066 θιγὼν
1113 1987 1224 2067 μθνσν].

355 2111 418 2174 Pro
439 2109 553 2183 τίθησιν
574 2109 712 2190 ἔμφρονα
733 2108 903 2174 Elmsleius
922 2112 1007 2174 recte
1029 2110 1124 2194 legit:
1150 2107 1270 2183 σι’θιρσ’
1296 2107 1502 2186 ἐγκύμονα.

864 2276 955 2342 VIII.

358 2420 472 2487 Aesch.
498 2422 614 2506 Agem.
641 2423 745 2487 1338:

359 2541 437 2608 Oho.
463 2548 513 2608 νῦν
537 2543 564 2607 δ’
588 2545 614 2608 εἰ
639 2543 786 2624 προτέρων
810 2538 880 2620 αἷμ’
904 2543 1045 2608 σὶσστίσει

459 2666 510 2729 καὶ
535 2672 613 2730 τοῖσι
638 2666 757 2731 θανοῦσι
782 2667 876 2730 θανὼν
899 2663 1004 2730 ἄλλων

458 2789 565 2858 τσινθις
588 2786 724 2852 θανάτων
748 2788 912 2866 ἕσικρανεῖ.

358 2907 436 2974 Cum
462 2906 599 2973 Gentero
623 2910 743 2973 θανοῦσι
767 2912 958 2974 mutandum
983 2913 1031 2974 est
1057 2910 1092 2973 in
1116 2914 1292 2975 κανσῦσι.

880 3060 936 3127 ΙΧ.

360 3204 475 3270 Aesch.
501 3204 641 3290 Ohoeph.
669 3206 752 3270 904:

362 3326 416 3392 Or.
441 3325 532 3404 ἕσαν,
554 3327 625 3408 πρὸς
651 3331 744 3395 αιἰτθν
769 3327 853 3394 τθνδε
877 3354 911 3394 σε
936 3327 1059 3409 σφάξαι
1084 3328 1169 3397 θέλω.

440 3449 492 3513 καὶ
517 3447 615 3530 ζῶντα
640 3450 701 3529 γάρ
725 3474 765 3514 νιν
789 3451 932 3530 κρείσσον’
957 3453 1062 3530 ἡγήσω
1089 3453 1225 3531 σατρθς·

439 3574 535 3654 σαυτῷ
560 3575 692 3638 θανοῦσα
718 3573 913 3652 curciacus,
939 3574 1004 3639 ἐπεὶ
1029 3581 1132 3653 φιλεῖς

438 3696 489 3761 τὸν
515 3694 610 3775 ἄνδρα
634 3700 757 3774 τοῦτον,
782 3692 813 3761 ὃν
835 3696 867 3761 δὲ
890 3706 967 3778 χρῆν
992 3704 1097 3778 Φιλεῖν
1121 3703 1258 3776 στυγεῖς.

359 3817 475 3883 Ultimi
499 3817 561 3883 duo
585 3840 694 3884 versus
718 3819 816 3904 spurii
840 3823 925 3883 sunt.

893 3971 932 4036 X.

360 4113 457 4199 Soph.
481 4113 584 4182 Eloct.
612 4115 690 4181 150:

357 4234 408 4300 El.
433 4237 465 4304 ἰὼ
491 4241 678 4315 σαντλῖιμσν
703 4238 828 4317 Νιθβα,
852 4239 886 4303 σὲ
909 4239 935 4304 δ’
961 4237 1064 4318 ἔγωγε
1087 4238 1165 4317 νέμω
1190 4238 1271 4317 θεὸν,

439 4353 490 4423 ἅτ’
515 4358 546 4422 ἰν
569 4358 663 4442 τσθΦιρ
688 4359 822 4439 σετραθιρ

327 4481 329 4486 ’
438 4482 510 4546 αἰαῖ
530 4481 679 4563 δακρύεις.

360 4600 506 4668 Emende
531 4603 612 4670 αθεὶ
639 4605 786 4685 δακρύεις.
