3422 5362
865 443 928 507 142

299 625 563 692 annotationibus
597 628 630 688 et
664 625 953 708 significationibus
968 623 991 703 ¹)
1026 628 1059 689 et
1089 647 1106 688 e
1139 625 1328 710 fragmentis
1361 625 1495 690 servatis

298 732 455 816 colligunt
478 731 604 796 heroem
629 731 752 814 Pegaso
776 738 903 798 vectum
927 731 1050 796 eoelum
1076 731 1241 816 petivisse,
1268 769 1310 781 -
1335 735 1492 817 quantum

224 821 225 826 ἵ
298 838 412 922 conjici
443 841 551 923 potest
573 842 610 901 ut
632 840 707 901 deos
730 842 954 921 cognosceret,
984 875 1023 885 -
1050 838 1104 901 sed
1129 837 1303 902 interram
1328 838 1494 915 recidiss03

297 965 433 1028 eumque
455 949 523 1008 tum
547 948 718 1027 negantem
743 948 819 1008 deos
844 965 910 1008 esse
934 944 974 1007 ab
999 945 1100 1008 amico
1126 942 1232 1028 aliquo
1257 945 1309 1008 vix
1332 963 1398 1010 esse
1418 965 1493 1029 pro·

298 1050 435 1114 bibitum
454 1049 533 1132 quin
555 1052 594 1114 de
609 1051 676 1114 vite
687 1050 773 1115 ultro
786 1050 946 1134 migraret.
963 1049 1037 1115 Nou
1050 1050 1159 1135 inepte
1171 1050 1321 1116 Welclrer
1333 1051 1495 1117 existimat

299 1157 365 1220 eius
398 1156 571 1239 imaginem
604 1178 670 1221 esse
701 1179 878 1241 expressam
913 1157 953 1220 ad
981 1157 1161 1241 exemplum
1184 1160 1412 1234 μισανθρώπους
1439 1157 1494 1222 sed

300 1262 394 1326 etiam
418 1262 520 1345 magis
544 1263 700 1326 assentior
723 1261 842 1339 Rodio,
867 1262 923 1345 qui
946 1283 1015 1326 eum
1044 1263 1224 1346 suspicatur
1243 1285 1262 1326 a
1282 1267 1376 1348 poeta
1396 1264 1494 1328 dona·

299 1370 369 1432 tum
402 1389 468 1431 esse
497 1367 626 1452 ingenio
660 1368 791 1452 audaci,
827 1368 980 1453 superbo,
1015 1389 1172 1432 novarum
1204 1391 1309 1433 rerum
1333 1369 1494 1446 studioso,

301 1477 341 1539 ad
363 1495 487 1538 summa
510 1475 655 1539 tendenti
667 1473 712 1560 ⁹),
736 1476 783 1538 ita
806 1478 842 1538 ut
865 1474 909 1539 dii
933 1475 1042 1558 quales
1063 1479 1168 1539 esseut
1188 1496 1293 1539 coram
1315 1475 1497 1560 conspicere

302 1581 407 1646 vallet.
439 1579 526 1656 Quae
556 1582 664 1645 omnia
693 1582 728 1646 iu
752 1581 852 1665 ipsius
876 1579 1037 1664 Euripidis
1061 1581 1227 1664 ingenium
1254 1585 1319 1644 tam
1344 1583 1419 1666 apt'e
1442 1603 1495 1646 oa·

302 1688 402 1766 dunt,
433 1693 470 1752 ut
500 1708 566 1751 non
598 1688 715 1772 possim
740 1707 813 1750 uon,
831 1687 983 1770 suspicari
1007 1690 1136 1770 poetam
1162 1709 1252 1751 suam
1278 1687 1377 1750 animi
1400 1686 1496 1752 affec·

301 1794 422 1859 tionem
443 1797 568 1858 auctam
587 1798 620 1858 et
640 1793 866 1877 amplificatam
887 1791 943 1855 illa
963 1793 1104 1876 imagine
1116 1796 1381 1877 repraesentasse.
1395 1791 1498 1868 Quare

302 1898 505 1966 vehementer
528 1899 619 1963 doleo
642 1899 727 1982 quod
752 1897 966 1981 Bellerophon
992 1918 1057 1962 non
1082 1903 1234 1982 superest.

348 2005 498 2080 Quamvis
528 2009 634 2070 autem
660 1998 845 2088 plerumque
869 2003 1093 2088 indignaretur
1116 2005 1211 2068 etiam
1236 2005 1354 2090 probos
1377 2005 1497 2091 perire,

304 2113 331 2176 si
351 2114 482 2175 deorum
504 2110 664 2194 quendam
685 2110 786 2175 colere
804 2110 1039 2194 neglexissent,
1062 2149 1102 2158 -
1122 2131 1194 2174 cum
1214 2114 1319 2177 aetate
1331 2116 1498 2196 provectus

303 2218 364 2283 hoc
388 2238 514 2301 quoque
532 2215 698 2281 ferendum
718 2237 785 2280 esse
805 2215 1016 2300 intelligeret,
1040 2219 1076 2280 ut
1094 2217 1303 2300 eognovimus
1315 2224 1332 2282 e
1344 2217 1498 2295 Bacchis,

307 2361 347 2373 -
374 2327 481 2386 tamen
505 2343 628 2406 semper
650 2322 808 2405 probabat
829 2343 949 2406 poenas
972 2343 1082 2386 eorum
1103 2323 1159 2405 qui
1178 2323 1325 2407 superbia
1343 2322 1419 2388 elati
1439 2324 1500 2388 diis

306 2428 528 2493 bominibusve
559 2427 709 2512 iujuriam
742 2427 908 2492 inferrent.
941 2426 1021 2492 Cum
1054 2429 1239 2513 aequalibus
1269 2434 1303 2495 et
1330 2428 1502 2495 maioribus

309 2534 513 2599 consentiens
537 2533 624 2597 videt
646 2556 683 2597 ea
705 2533 829 2618 flagitia
852 2533 1039 2618 plerumque
1058 2553 1188 2599 manare
1200 2557 1219 2598 a
1231 2536 1329 2600 nimia
1349 2536 1503 2610 felicitate

312 2641 469 2724 rebusque
492 2639 589 2704 nimis
612 2640 780 2724 prosperis.
805 2640 845 2704 ln
869 2639 963 2704 Here.
987 2639 1047 2704 fur.
1073 2641 1187 2705 chorus
1210 2641 1332 2725 Lycum
1355 2647 1504 2727 spectans

308 2745 397 2809 canit
421 2746 530 2830 (774):
626 2746 640 2808 l
663 2744 775 2824 χρυσὸς
800 2742 822 2810 ἅ
845 2743 875 2808 τ’
901 2746 1033 2824 εὐτυχία

622 2852 736 2929 Φρενῶν
755 2850 883 2928 βροτοὺς
908 2849 1060 2928 ἐξάγεται

622 2956 745 3021 δύνασιν
767 2955 870 3021 ἄδικον
895 2956 1043 3037 ἐφέλκων.

356 3064 456 3150 Hipp.
478 3063 576 3129 velati
594 3063 634 3128 fr.
658 3063 1087 3150 (440)asrobaeorelarun1
1108 3067 1199 3152 (105,
1220 3069 1276 3153 43)
1297 3067 1375 3134 haec
1387 3069 1505 3137 habet:

533 3172 586 3251 δρῶ
611 3173 642 3236 a
667 3180 729 3242 τοῖς
753 3179 911 3238 πολλαῖσιν
934 3173 1094 3252 ἀνθρώποις
1120 3174 1181 3252 ἐγὼ

532 3278 698 3344 τίκτουσαν
723 3277 809 3358 ὕβριν
833 3281 888 3353 τὴν
912 3278 1029 3359 πάροιθ’
1053 3281 1238 3359 εὐπραγίαν.

351 3463 411 3533 Illa
443 3463 639 3532 infirmitatis
671 3463 830 3532 humanae
866 3464 1027 3552 persuasio
1051 3486 1122 3531 curn
1146 3464 1337 3551 cupiditates
1361 3473 1504 3548 coercet,

307 3579 376 3640 tum
410 3574 565 3657 optimum
597 3579 646 3639 est
675 3596 781 3638 rerum
813 3575 1026 3639 secundarum
1062 3575 1337 3658 propugnaculum
1370 3580 1402 3639 et
1426 3597 1505 3640 con-

307 3681 422 3746 solatio
441 3680 696 3765 praesidiumque
714 3680 879 3746 malorum.
906 3679 1132 3764 Reputaudum
1151 3684 1199 3744 est
1219 3702 1285 3745 non
1305 3681 1407 3746 solum
1421 3683 1507 3747 mala

306 3810 325 3866 a
349 3791 465 3854 natura
489 3786 630 3851 humana
654 3809 719 3852 non
744 3787 848 3851 aliena
867 3807 936 3850 esse
955 3786 1010 3850 sed
1030 3785 1196 3869 plerosque
1220 3787 1365 3852 homines
1386 3787 1426 3852 iis
1447 3808 1506 3872 op-

306 3893 411 3977 primi.
448 3890 572 3957 Oborus
603 3894 637 3958 in
669 3893 768 3977 Hipp.
802 3893 882 3978 (884
906 3893 968 3976 sq.)
1000 3891 1157 3957 Theseum
1181 3899 1373 3960 maerentem
1397 3899 1508 3960 monet

310 3998 381 4064 eliis
403 4018 531 4084 quoque
552 4019 663 4064 uxores
684 3999 831 4084 periisse3
852 3998 937 4082 apud
958 3998 1044 4063 Plut.
1067 3999 1162 4083 (Mor.
1179 4019 1234 4084 pg.
1251 4001 1314 4065 106
1327 3999 1382 4086 A.)
1393 3999 1507 4086 Dictys

312 4102 502 4189 Euripideus
521 4102 656 4168 Danaen
673 4104 904 4188 jubetalienas
921 4103 1132 4187 contemplari
1144 4104 1357 4184 calamitates,
1371 4111 1406 4171 ut
1418 4107 1509 4192 cogi-

314 4212 409 4288 tana,
433 4215 512 4295 quot
534 4210 679 4274 homines
700 4210 796 4274 variis
816 4212 854 4274 de
875 4210 977 4274 causis
996 4209 1138 4274 infelices
1156 4211 1240 4290 sint,
1260 4233 1351 4276 suum
1366 4211 1509 4278 dolorem

344 4417 375 4481 1)
392 4418 515 4483 Aristoph.
534 4418 590 4470 Pac.
608 4417 656 4468 lae
668 4427 717 4481 sq„
737 4417 785 4467 146
803 4425 867 4484 sqq.,'
882 4417 985 4471 Acheru.
1001 4417 1187 4486 saorq.,1²inu.
1204 4421 1289 4473 Isthm.
1301 4421 1350 4472 Vll
1360 4424 1406 4482 44,
1416 4421 1510 4488 Asclep.

315 4500 345 4548 ad
362 4499 434 4548 schol.
453 4500 483 4549 ll.
502 4501 538 4550 VI
557 4501 618 4559 ltt.
636 4499 684 4549 vid.
706 4499 776 4549 lliud.
794 4502 823 4549 ad
841 4502 902 4551 banc
919 4501 966 4552 leb.
984 4517 1022 4568 pg.
1041 4503 1097 4552 809.

350 4581 377 4648 2)
397 4579 457 4631 ‚bin
474 4581 663 4632 bcclrfalrrender
679 4581 819 4645 Freigcist''.
