3418 5356
867 445 931 509 124

737 721 924 806 CAPUT
953 721 1053 807 VII.

712 939 759 992 DII
783 939 918 992 AETATE
943 939 1082 990 naama,

602 1117 620 1190 ἓ
646 1110 674 1174 l.
701 1108 761 1174 Dii
782 1132 844 1174 oca
866 1107 1000 1194 amplius
1022 1108 1201 1194 vituperati.

347 1293 460 1358 Restat
491 1296 530 1356 ut
558 1293 786 1376 investigemus
817 1314 894 1356 num
925 1289 1094 1374 Euripides
1117 1289 1192 1353 inde
1215 1311 1254 1354 ex
1275 1289 1332 1354 illo
1355 1292 1498 1374 tempore

300 1420 423 1482 semper
453 1398 550 1462 fuerit
581 1399 690 1463 eodem
721 1398 827 1461 animo
855 1401 894 1461 de
917 1397 1011 1461 rebus
1034 1395 1160 1460 divinis.
1185 1394 1272 1470 Quae
1294 1395 1437 1480 quaestio
1462 1397 1498 1459 ut

301 1505 506 1582 decernatur,
539 1504 751 1589 explorandae
787 1508 864 1568 sunt
898 1503 1080 1586 tragoediae
1115 1524 1193 1585 quas
1228 1503 1332 1566 aetate
1366 1522 1497 1586 provec-

300 1609 363 1673 tior
397 1609 540 1695 scripsit:
573 1609 764 1674 Phoenissae
787 1608 957 1693 Iphigenia
980 1607 1163 1672 Aulidensis
1188 1606 1331 1671 Bacchae
1354 1611 1386 1671 et
1407 1606 1497 1690 frag-

301 1718 410 1780 menta
431 1716 611 1781 fabularum
635 1715 835 1800 Hypsipylae
865 1714 1027 1798 Antiopae
1059 1713 1231 1798 Chrysippi
1256 1713 1409 1778 Oenomai
1432 1711 1496 1777 Ar-

301 1821 403 1887 chelai
425 1821 608 1886 Alcmeonis
632 1819 839 1886 Corinthiaci.

346 1925 422 1991 Non
455 1948 534 2011 opus
565 1931 613 1992 est
643 1948 753 1991 omnes
784 1931 891 2011 partes
914 1928 1085 2011 seperatim
1109 1931 1246 1992 tractare
1270 1949 1306 1992 ea
1330 1925 1498 2010 diligentia

302 2055 365 2117 que
395 2032 529 2096 antehac
560 2033 609 2097 usi
640 2055 764 2112 sumus;
798 2035 900 2097 multa
923 2033 1008 2097 enim
1032 2055 1097 2098 non
1122 2037 1247 2098 mutata
1271 2037 1354 2097 sunt.
1382 2031 1496 2096 Fatum

300 2160 372 2203 raro
407 2142 672 2203 commemoratur
686 2138 725 2225 1);
765 2139 961 2205 calamitates
997 2163 1077 2224 quae
1113 2139 1226 2204 evitari
1261 2160 1327 2203 non
1364 2142 1498 2222 possunt

301 2245 505 2318 ascribuntur
536 2249 630 2310 modo
666 2247 757 2329 μοίρᾳ
789 2246 879 2309 velut
908 2243 1069 2310 Fortunae
1093 2246 1229 2330 (Phoen.
1258 2244 1377 2330 1595),
1403 2246 1498 2308 modo

301 2351 462 2415 voluntati
485 2354 615 2416 deorum
632 2351 765 2435 (Phoco.
795 2351 859 2416 379
884 2350 1002 2415 Bacch.
1030 2353 1139 2437 1349).
1166 2351 1254 2416 Haec
1276 2351 1497 2434 omniaeequo

302 2458 409 2521 animo
440 2456 570 2521 ferenda
597 2461 673 2521 sunt
707 2457 841 2541 (Phoen.
870 2458 957 2522 1763
981 2457 1112 2522 Oenom.
1140 2458 1178 2522 fr.
1206 2457 1295 2542 576).
1327 2456 1434 2520 Etiam
1459 2457 1498 2520 de

302 2561 498 2627 divinatione
522 2563 645 2627 easdem
669 2562 734 2627 fere
753 2562 889 2647 legimus
907 2563 1093 2629 sententias.
1116 2562 1300 2647 Iphigeniae
1314 2561 1498 2626 Aulideneis

302 2671 527 2752 argumentum
563 2668 678 2732 nititur
707 2672 857 2753 portento
890 2691 909 2731 e
941 2668 1116 2733 Calchante
1148 2668 1325 2752 explicat03
1355 2668 1432 2731 item
1463 2667 1498 2731 in

303 2773 486 2838 Phoenissis
505 2773 693 2838 Menoeceus
715 2774 853 2838 Tiresiae
877 2774 1008 2838 monitis
1032 2775 1201 2838 obsecutus
1225 2795 1258 2838 se
1282 2773 1377 2837 morti
1400 2774 1498 2838 devo·

303 2882 373 2955 vet,
397 2899 460 2961 quo
484 2877 569 2942 tacto
593 2879 714 2962 patriae
739 2878 904 2944 victoriam
925 2880 1140 2963 consequitur.
1168 2879 1207 2943 In
1229 2878 1400 2962 Iphigenia
1423 2900 1499 2943 vero

302 2988 412 3049 vatum
432 2984 555 3049 indoles
579 2985 777 3070 vituperatur
801 2986 881 3064 <520
906 2987 985 3070 sq),
1011 3007 1062 3049 ers
1087 2985 1268 3069 exploditur
1292 2984 1371 3069 (956
1395 2987 1499 3070 sqq.);

301 3091 387 3176 quod
411 3089 487 3156 licet
509 3090 567 3154 fiat
591 3091 631 3155 ab
654 3092 693 3155 iis
717 3092 832 3176 quibus
853 3093 962 3156 datum
986 3091 1149 3155 oraculum
1172 3091 1285 3155 durum
1306 3093 1390 3166 erat,
1404 3090 1501 3154 itaut

298 3197 454 3282 judicium
483 3197 562 3260 illud
587 3218 625 3261 ex
648 3198 717 3282 ipso
742 3199 850 3263 dolore
876 3204 987 3262 natum
1012 3219 1077 3262 esse
1102 3198 1263 3281 videatur,
1290 3199 1398 3260 tamen
1423 3218 1497 3280 pro-

300 3303 384 3368 fecto
407 3327 427 3368 e
449 3306 562 3388 poetae
594 3306 700 3368 mente
733 3326 797 3369 uon
829 3305 968 3369 alienum
1001 3308 1085 3386 erat;
1118 3308 1187 3369 tum
1218 3307 1306 3368 vates
1337 3305 1432 3368 etiam
1457 3304 1499 3368 ab

302 3409 538 3494 Aristophane,
562 3409 615 3494 pio
640 3413 770 3474 deorum
795 3410 934 3485 cultore,
960 3410 1140 3493 saepissime
1160 3409 1433 3494 perstringuntur.
1457 3408 1500 3474 In

302 3516 484 3581 Phoenissis
515 3516 595 3601 (954
626 3518 710 3601 sqq.)
734 3516 801 3600 ipse
826 3515 962 3580 Tiresias
985 3519 1086 3579 artem
1110 3537 1197 3579 suam
1223 3515 1407 3579 hominibus
1431 3536 1499 3579 non

302 3622 472 3688 convenire
495 3622 590 3700 dicit,
615 3623 732 3706 quippe
756 3623 811 3706 qui
836 3623 863 3686 si
887 3622 997 3706 gravia
1019 3622 1232 3685 vaticinentur
1251 3621 1323 3686 odio
1344 3621 1427 3696 sint,
1447 3620 1501 3684 sin

303 3728 504 3794 miseratione
529 3729 607 3792 moti
631 3729 845 3804 mentiantur,
869 3727 995 3790 divinas
1016 3749 1065 3791 res
1086 3727 1222 3803 violent3
1245 3726 1407 3811 »Apollini
1419 3726 1498 3805 soll,

302 3835 357 3919 qui
378 3834 539 3898 neminem
561 3839 702 3913 metuat,
716 3835 870 3899 divinatio
885 3834 1070 3899 convenit''.
1091 3833 1293 3898 simillimam
1306 3834 1498 3898 sententiam

301 3941 335 4004 in
358 3939 486 4005 Electra
507 3941 687 4005 notavimus
711 3941 787 4024 (vid.
812 3961 866 4025 pg.
894 3939 988 4017 115),
1014 3961 1112 4023 quare
1137 3961 1202 4003 non
1223 3939 1335 4003 dubito
1358 3944 1499 4004 statuere

301 4051 445 4131 poetam,
480 4050 515 4110 ut
546 4046 665 4130 aliquid
701 4046 894 4112 divinationi
918 4045 1082 4122 tribuerit,
1108 4048 1215 4109 tamen
1240 4046 1351 4130 utique
1375 4046 1498 4130 impro-

300 4150 392 4215 basse
415 4151 561 4216 homines
583 4173 653 4215 eam
678 4155 870 4219 exercentes.

347 4255 458 4340 Neque
490 4258 531 4322 ab
564 4257 614 4321 his
646 4259 818 4342 tragoediis
843 4260 960 4324 absunt
984 4257 1200 4323 dubitationes
1223 4259 1262 4321 de
1284 4255 1402 4320 sabulis
1427 4279 1498 4341 my-

313 4389 503 4405 ...κ

337 4493 365 4558 1)
381 4493 486 4542 Bacchus
505 4495 603 4559 (Bacch.
621 4495 680 4560 515)
701 4495 816 4561 intelligit
833 4498 896 4560 quod
913 4513 962 4547 non
981 4497 1033 4546 lieri
1051 4497 1173 4547 decretum
1190 4496 1223 4546 sit
1239 4496 1264 4545 id
1281 4511 1411 4561 numquam
1428 4511 1499 4546 even·

299 4579 393 4634 turnum
410 4577 472 4623 tecte
490 4580 569 4628 autem
586 4577 720 4641 significare
738 4578 832 4628 videtur
849 4594 899 4628 rem
917 4595 990 4643 quam
1004 4579 1054 4644 ipse
1067 4579 1156 4630 sciehat
1171 4594 1302 4644 numquam
1317 4579 1424 4629 laturam
1438 4594 1496 4631 aare.
