3422 5362
857 429 920 495 170

288 604 388 674 Musis
415 607 554 676 deditam
586 633 604 676 a
628 611 863 697 vituperatione
893 611 1003 677 fratris
1034 615 1197 678 strenuam
1222 611 1322 678 vitam
1346 610 1482 676 laudan·

288 713 330 778 tis
353 715 510 795 defendit,
535 719 642 784 dicens
661 719 852 804 sapientiam
868 720 982 784 roboro
994 719 1219 805 praestareffr.
1235 719 1317 797 199,
1330 717 1370 782 cf.
1382 717 1480 782 etiam

287 818 326 883 fr.
353 821 417 886 200
441 825 474 887 et
498 825 585 905 220).
611 824 734 890 Deinde
758 825 862 890 citabo
886 848 923 890 ex
948 825 1070 910 Oedipo
1093 825 1152 890 hos
1175 825 1316 890 senarios
1341 824 1389 903 (fr.
1415 824 1481 888 552

288 948 338 1012 ap.
364 927 452 995 Stob.
479 932 599 1018 66.1):

491 1041 557 1100 νοῦν
580 1039 640 1120 χρὴ
665 1038 809 1118 desistas,
835 1043 917 1103 νοῦν·
942 1039 974 1102 τί
997 1044 1051 1111 τῆς
1076 1038 1248 1118 εὐμορφίας

491 1140 619 1223 ὄφελος,
645 1139 718 1206 ὅταν
742 1146 786 1220 μὶ)
810 1147 868 1216 τοὶς
892 1144 1007 1225 Φρένοις
1032 1144 1134 1216 κοιλὰς
1160 1143 1236 1224 lxm
1253 1142 1279 1228 ¹)

288 1246 453 1312 Postremo
478 1250 613 1314 monebo
637 1271 708 1314 oum
731 1251 825 1315 etiam
850 1251 885 1314 in
908 1251 1035 1317 feminis
1060 1254 1198 1315 mentem
1223 1250 1356 1334 probam
1380 1247 1483 1332 magis

287 1353 416 1418 laudare
450 1375 546 1439 quam
571 1354 725 1434 formam,
751 1358 869 1441 quippe
889 1379 968 1442 quae
993 1379 1049 1441 per
1072 1379 1105 1421 sa
1130 1356 1249 1420 nullius
1273 1355 1316 1420 sit
1336 1353 1431 1440 pretii
1445 1351 1483 1439 ⁹).

334 1459 407 1524 Non
438 1461 559 1544 primus
591 1482 667 1527 sane
698 1467 807 1528 noster
831 1463 909 1528 talia
933 1462 1133 1538 enuntiavit;
1158 1461 1373 1547 Xenophanes
1397 1459 1484 1525 enim

287 1563 413 1630 scholae
442 1565 602 1632 Eleaticae
634 1570 781 1634 conditor
813 1570 911 1634 multo
941 1573 1016 1633 ante
1040 1571 1175 1633 testatus
1200 1572 1268 1632 erat
1292 1565 1483 1652 sapientiam

286 1693 376 1734 suam
401 1672 574 1738 virtutibus
598 1675 739 1760 corporis
762 1675 860 1760 longe
873 1678 1034 1759 praestare
1048 1673 1083 1761 ³).
1109 1674 1263 1738 Attamen
1277 1673 1356 1737 haec
1368 1672 1464 1737 verba
1476 1718 1484 1747 ‚

286 1799 367 1862 quae
386 1777 554 1863 Euripides
573 1780 630 1843 illo
651 1781 802 1865 Autolyci
822 1781 937 1865 fragm.
959 1781 1103 1845 imitatus
1125 1780 1361 1856 esseereditur,
1374 1777 1486 1863 procul

287 1882 384 1947 dubio
417 1885 518 1948 multo
550 1885 654 1950 minus
688 1886 819 1971 vulgata
843 1889 936 1950 erant
959 1908 1054 1970 quam
1079 1890 1192 1971 poetae
1215 1906 1341 1963 versus,
1366 1883 1486 1969 quippe

287 1989 512 2073 pronuntiatos
536 2012 640 2056 coram
665 1995 734 2056 tota
757 1993 822 2058 fere
847 1992 1091 2057 Atheniensium
1117 1992 1280 2056 civitate..

334 2094 397 2158 Vix
418 2117 496 2179 opus
517 2100 566 2160 est
586 2119 715 2162 monere
736 2104 892 2184 quantum
911 2098 1110 2163 haecomnia
1127 2097 1332 2182 opinionibus
1346 2095 1486 2161 Graeco·

288 2223 359 2265 rum
383 2205 581 2287 repugnent3
605 2203 676 2289 ipsa
699 2226 825 2290 quoque
849 2205 1002 2270 orationis
1025 2205 1130 2268 forma
1153 2203 1294 2268 ostendit
1317 2202 1488 2286 opiniones

289 2307 435 2391 vulgares
459 2308 610 2387 refutari,
634 2311 720 2396 quod
741 2311 897 2395 imprimis
916 2311 1020 2375 elucet
1031 2333 1069 2374 ex
1081 2311 1135 2374 illa
1148 2309 1279 2375 Orestae
1293 2309 1437 2373 oratione
1449 2308 1485 2372 in

288 2412 417 2478 Electra
439 2413 525 2491 (inde
550 2437 568 2478 a
588 2438 618 2481 v.
638 2417 719 2494 367)
739 2439 758 2481 a
777 2439 810 2481 re
829 2438 959 2502 prorsus
980 2417 1102 2493 aliena,
1122 2419 1155 2480 et
1172 2438 1190 2480 e
1210 2415 1248 2479 fr.
1266 2415 1342 2479 552.
1355 2413 1480 2480 Notum

290 2523 339 2583 eat
357 2523 513 2603 quantum
536 2519 648 2587 Graeci
667 2523 788 2588 formae
808 2523 997 2588 tribuerent.
1021 2521 1070 2587 Ex
1090 2521 1151 2585 hac
1171 2521 1323 2606 opinione
1343 2520 1489 2584 manavit

289 2625 393 2689 omnia
419 2625 503 2690 vilae
521 2630 698 2693 communis
718 2629 841 2706 cultus,
864 2632 951 2693 totus
972 2630 1118 2694 ludorum
1137 2628 1418 2710 conviviorumque
1430 2649 1486 2711 ap·

287 2734 418 2816 paratus
431 2732 457 2817 ⁴)
479 2735 511 2795 et
528 2737 601 2796 ante
621 2734 730 2798 omnia
749 2735 992 2799 exercitationes
1013 2735 1165 2818 corporis.
1178 2732 1282 2797 Nemo
1295 2754 1370 2796 sane
1383 2730 1485 2796 Grae·

286 2856 394 2900 corum
416 2836 586 2901 dubitabat
604 2839 683 2923 quin
705 2845 794 2904 »νοῦν
816 2839 963 2904 οοοἳοίοιι”
978 2842 1120 2916 deceret,
1134 2839 1188 2904 sed
1201 2860 1311 2903 omnes
1324 2838 1488 2923 putabant

289 2963 355 3006 non
381 2942 485 3007 minus
506 2944 596 3021 οῶμοι
617 2953 730 3025 χρῆνοιι
749 2947 891 3031 testatae,
906 2946 1029 3032 sibique
1040 2967 1224 3030 persuasam
1240 2943 1403 3008 habebant
1414 2943 1487 3008 ani·

324 3244 347 3302 1)
366 3243 402 3292 Ol.
421 3242 508 3306 Chrys.
525 3243 554 3292 fr.
574 3243 632 3292 839.
650 3242 733 3291 Solum
750 3242 819 3291 Aeoli
836 3243 866 3292 fr.
887 3244 916 3292 15
933 3240 1055 3290 contraria
1071 3239 1153 3290 habet:
1175 3239 1289 3288 ‚Utinam
1300 3239 1391 3286 videam
1401 3254 1487 3288 sorum

287 3329 384 3389 nepotes
401 3323 476 3390 stirpe
493 3324 558 3373 virili
564 3347 570 3384 ;
590 3325 694 3390 primum
712 3327 830 3374 staturam
848 3325 988 3388 voltumque
1005 3323 1110 3387 regium
1130 3323 1175 3372 hoe
1191 3321 1255 3370 enim
1272 3321 1297 3370 in
1315 3321 1365 3370 vita
1384 3321 1488 3370 maxims

288 3407 341 3457 nani
358 3411 405 3465 est,
424 3393 509 3467 cerpus
525 3407 626 3472 speciem
643 3407 735 3456 ordinis
751 3406 868 3472 splendidi
886 3406 1005 3473 praebere.

321 3491 349 3555 2)
370 3489 421 3538 Vid.
441 3490 597 3540 Andromach.
616 3490 665 3542 207
683 3505 725 3554 sq,
744 3488 840 3554 Antiop.
860 3489 890 3538 ir.
908 3489 971 3548 211,
989 3488 1019 3537 fr.
1037 3487 1085 3536 inc.
1103 3488 1160 3537 901.

322 3575 347 3632 0)
369 3571 439 3636 Apud
455 3571 541 3634 Bergk.
557 3572 587 3621 fr.
610 3573 638 3623 2:
661 3571 755 3635 usiquis
775 3569 801 3619 in
823 3569 992 3620 certaminibus
1014 3569 1148 3635 praemium
1164 3569 1212 3618 fert
1228 3568 1362 3632 clariorque
1379 3570 1406 3616 fit
1424 3569 1489 3634 apud

287 3654 357 3713 aives,
376 3669 404 3702 aa
420 3653 500 3702 omnis
518 3654 681 3719 consequitur,

556 3732 600 3784 aba
617 3731 663 3784 ἐῶν
680 3734 749 3800 ίίξιορ
767 3734 849 3797 tiam
866 3731 930 3797 ipah·
948 3732 1028 3796 ριἰμκς
1045 3735 1094 3797 γὰρ
1112 3732 1216 3794 ἀμείνων
1312 3717 1317 3729 ’

556 3814 645 3879 ἀνδρῶν
664 3815 702 3875 ἠδ’
720 3818 800 3866 thasra
819 3813 927 3879 ἡμετέρη
945 3814 1027 3878 οοφίιρ.

287 3917 330 3950 nec
346 3899 420 3966 siquis
437 3915 536 3965 corpore
553 3899 763 3950 exercitatissimus
780 3903 815 3950 est
833 3898 922 3949 civium

557 3979 670 4031 τοίίνεκεν
687 3980 717 4030 ἃν
736 3979 764 4039 δι)
783 3986 883 4043 μᾶλλον
901 3977 925 4030 ἰν
944 3977 1044 4044 ιῖινομίρ
1062 3981 1136 4038 πόλις
1154 3977 1205 4040 aa,

557 4062 584 4111 οἷν
602 4065 651 4126 γίιρ
670 4063 760 4113 πιαίνει
781 4067 859 4113 τοῦτο
878 4063 979 4126 μνχοϋρ
998 4061 1119 4120 πόλινοο”

286 4147 429 4197 Anacharsis
450 4164 464 4197 a
490 4147 556 4211 Diog.
582 4147 678 4196 mortio
695 4151 810 4197 narratur
827 4147 931 4198 athletss
949 4163 1046 4197 vesanos
1064 4145 1156 4196 dixisse.
1176 4144 1246 4195 Stob.
1265 4144 1345 4210 (bul)
1364 4143 1493 4209 Sophoclis

287 4228 346 4278 citat
363 4230 427 4279 banc
444 4229 577 4279 senarium:

555 4306 653 4373 γνώμοιι
674 4308 751 4359 πλέον
768 4312 901 4372 κρατοῦσιν
919 4308 933 4368 ἰ)
953 4307 1036 4368 elisor
1049 4311 1137 4372 χορῶν.

289 4397 314 4443 st
331 4395 369 4457 (4)
386 4393 530 4457 Agathonis:
548 4389 635 4456 γνώμη
654 4389 681 4440 al
701 4391 818 4454 κρείσσων
837 4388 909 4442 ἐστίν
927 4391 942 4449 l)
962 4383 1037 4454 ρῶμκ
1048 4395 1135 4454 χορῶν.

322 4475 351 4541 A)
367 4476 491 4540 Quantam
509 4480 590 4525 noster
605 4475 634 4525 ab
650 4474 803 4540 opinionibus
820 4473 958 4539 vulgaribus
972 4475 1113 4525 descisceret
1126 4476 1193 4540 patet
1210 4471 1284 4522 etism
1301 4488 1314 4521 e
1333 4471 1403 4522 rebus
1418 4471 1493 4522 levio·

290 4556 364 4609 ribus.
382 4557 412 4607 In
428 4557 513 4606 Medea
531 4558 593 4622 (190
610 4562 671 4622 sqq.)
690 4557 772 4608 nutrix
790 4557 958 4623 intempestive
974 4557 1066 4608 deridet
1084 4572 1175 4608 morem
1194 4553 1306 4605 cantandi
1324 4553 1350 4604 in
1366 4552 1491 4604 conviviis.
