3422 5362
860 477 923 542 196

297 658 358 726 Sed
378 663 485 726 tamen
505 664 581 729 sunt
599 660 717 725 indicia
736 660 851 745 quibus
870 660 1003 728 inducor
1023 663 1060 724 nt
1070 659 1195 724 credam
1207 659 1320 744 tragici
1330 661 1485 744 judicium
1707 671 1708 746 ᾗ

297 788 367 833 acre
390 769 428 832 de
452 768 636 834 muheribus
657 767 1013 853 aequalibusapropria
1033 769 1169 852 quadam
1189 766 1308 851 injuria
1328 767 1485 852 originem
1707 835 1708 840 ,

296 874 423 939 duxisse
451 876 500 939 vel
532 874 645 939 saltem
668 875 900 939 incrementum
924 873 1052 959 cepisse.
1068 872 1217 942 ¹Fabulae
1241 874 1343 950 enim,
1370 873 1486 957 quibus
1707 861 1708 952 l

297 979 432 1044 maxime
460 980 601 1045 omnium
625 981 766 1065 carpitur
788 980 979 1044 feminarum
1003 980 1142 1056 indoles,
1167 983 1324 1064 qnatenus
1348 981 1486 1044 aetatem

296 1086 457 1171 cognitam
490 1086 642 1152 habemus
672 1085 814 1172 (Cressae
846 1085 958 1152 Peleus
988 1085 1107 1150 Aeolus
1132 1090 1265 1171 uterque
1288 1085 1486 1170 Hippolytus

226 1198 275 1247 4¹5
293 1191 438 1257 Phoenix
480 1191 592 1257 Medea
628 1191 851 1278 Stheneboea),
887 1213 998 1258 omnes
1034 1195 1109 1256 ante
1145 1189 1202 1266 Ol.¹
1221 1193 1282 1269 91,
1318 1193 1487 1276 pleraeque

140 1301 275 1354 ael—427
295 1296 344 1363 01.
378 1299 578 1377 87,1-88,1
613 1299 806 1383 compositae
837 1303 921 1364 sunt.
954 1297 994 1362 In
1024 1297 1141 1362 fabulis
1166 1319 1247 1382 quae
1271 1320 1288 1362 e
1310 1297 1485 1382 posteriore
1588 1329 1590 1334 ·
1707 1297 1708 1366 ξ

297 1406 400 1468 aetate
432 1408 603 1489 supersunt
633 1404 757 1490 (Oreste
781 1404 859 1469 lone
882 1403 1010 1468 Electra
1032 1407 1167 1488 utraque
1189 1403 1360 1489 Iphigenia
1381 1403 1485 1468 Phoe-

296 1511 389 1575 nissis
412 1511 558 1589 Bacchis)
583 1512 713 1576 nonnisi
737 1533 802 1576 una
825 1511 875 1575 vel
900 1511 1000 1576 altera
1022 1510 1225 1596 reprehensio
1250 1511 1428 1593 invenitur3
1449 1510 1485 1574 in

296 1615 485 1700 fragmentis
509 1640 589 1702 quae
613 1621 784 1701 supersunt
807 1639 846 1682 ex
868 1617 1007 1682 eiusdem
1031 1617 1143 1682 aetatis
1163 1617 1334 1701 tragoediis
1353 1616 1486 1701 perditis

296 1721 488 1808 (Hypsipyla
508 1725 653 1808 Antiopa
671 1722 834 1788 Oenomao
851 1721 1029 1808 Chrysippo
1042 1722 1216 1787 Alcmeone
1228 1722 1300 1788 Oor.
1313 1722 1486 1807 Archelao)

295 1829 377 1893 nihil
401 1830 554 1894 eiusmodi
575 1831 721 1896 occurrit.
746 1829 849 1905 Quare
873 1831 940 1894 veri
960 1829 1063 1894 simile
1083 1831 1132 1894 est
1148 1829 1331 1894 memoriam
1349 1828 1486 1912 injuriae

297 1957 406 2000 recens
429 1939 577 2020 acceptae
600 1937 667 2000 eius
692 1936 830 2001 dicteriis
851 1936 986 2001 subesse.

342 2041 562 2128 inquisitionis
593 2043 693 2128 igitur
716 2045 754 2107 de
778 2044 845 2107 vita
868 2043 1040 2108 domestica
1063 2064 1186 2106 summa
1210 2042 1286 2107 haec
1309 2044 1373 2118 est,
1399 2043 1484 2126 quod

297 2151 392 2232 poeta
423 2149 524 2212 multo
554 2149 715 2232 digniores
745 2151 852 2233 partes
882 2149 996 2214 tribuit
1025 2147 1153 2214 feminis
1185 2170 1280 2234 quam
1315 2147 1484 2232 scriptores

296 2255 471 2338 superiores
501 2259 533 2320 et
556 2255 720 2339 aequales,
745 2277 859 2341 easque
883 2256 999 2340 partim
1022 2255 1128 2340 pinxit
1147 2253 1209 2328 οἵας
1234 2255 1282 2319 δεῖ
1303 2257 1336 2319 et
1358 2254 1485 2320 δυνατὸν

296 2356 390 2438 εἶναι,
418 2362 535 2446 partim
558 2357 618 2426 οἷαι
641 2360 728 2437 ἦσαν.

716 2609 734 2692 c
759 2610 787 2673 2.
814 2607 865 2690 Dc
888 2607 1046 2673 Amastra.

340 2791 497 2869 Quoniam
519 2814 577 2878 pro
596 2813 667 2856 mea
686 2791 769 2856 virili
788 2813 898 2856 omnes
915 2814 964 2856 res
979 2791 1227 2875 tractavi,.quae
1238 2790 1385 2875 Euripidi
1396 2790 1485 2856 cordi

294 2898 388 2962 fuisse
400 2898 558 2975 videntur,
575 2897 718 2962 hocloco
730 2897 823 2961 etiam
838 2898 877 2962 de
889 2898 1029 2962 amicitia
1039 2919 1140 2982 pauca
1155 2898 1351 2963 submittam.
1365 2895 1485 2973 Quanti

293 3004 448 3068 momenti
471 3005 512 3069 sit
536 3004 701 3069 hominum
722 3007 936 3089 consuetudo,
958 3005 1104 3070 universe
1122 3004 1275 3069 indicavit
1294 3003 1334 3068 iis
1353 3005 1485 3068 senten·

294 3111 364 3186 tiis,
393 3110 508 3195 quibus
531 3111 610 3176 dicit
633 3110 778 3175 homines
801 3110 986 3196 plerumque
1009 3111 1127 3176 similes
1151 3111 1282 3175 evadere
1306 3111 1345 3174 iis
1368 3109 1484 3194 quibus

294 3217 492 3282 familiariter
515 3220 647 3282 utantur
670 3216 749 3302 (Pel.
774 3216 813 3280 fr.
839 3216 922 3295 612,
944 3217 1064 3282 Phoen.
1085 3216 1124 3284 fr.
1139 3215 1271 3294 809,fr.
1286 3215 1349 3281 inc.
1366 3216 1484 3300 1013),

294 3346 428 3410 quarum
453 3323 619 3389 notissima
643 3327 691 3388 est
713 3322 810 3387 haec:

547 3430 716 3510 coelicam
739 3427 792 3504 tta
817 3431 929 3510 χρήσθ’
955 3430 1074 3507 ὁμιλίαι
1097 3431 1211 3508 κακαί,

293 3557 374 3622 quae
403 3538 440 3601 in
461 3536 664 3622 proverbium
688 3535 777 3601 abiit.

339 3642 499 3708 Alcestide
522 3642 632 3706 fabula
658 3642 814 3727 imprimis
834 3643 1007 3707 amicorum
1027 3642 1279 3727 hospitalitatem
1293 3642 1482 3708 celebravit:

294 3749 448 3814 Admetus
472 3749 580 3812 dolore
605 3753 637 3812 et
660 3748 750 3812 luctu
771 3748 812 3812 cb
833 3749 940 3812 uxoris
960 3751 1094 3813 mortem
1114 3746 1249 3812 afflictus
1271 3752 1379 3812 tamen
1399 3746 1483 3812 Her-

294 3855 396 3920 culem
420 3855 560 3939 benigne
585 3855 711 3939 excipit.
738 3854 921 3920 Amicitiam
940 3855 1152 3940 pulcherrime
1171 3854 1344 3920 illustrarit
1362 3853 1483 3920 Theseo

293 3964 326 4025 et
355 3960 491 4026 Hercule
520 3961 555 4024 in
587 3959 682 4027 Hero.
707 3961 767 4025 fur.
791 3960 930 4025 Theseus
954 3961 1121 4046 negligens
1145 3961 1306 4045 parricidii
1329 3963 1479 4046 μίασμα,

291 4067 522 4152 quia(1234):
792 4065 794 4070 ’

516 4171 610 4244 οὐδεὶς
633 4172 780 4251 ἀλάστωρ
802 4181 864 4244 τοῖς
889 4174 991 4255 Φίλοις
1017 4175 1130 4238 ἐκτῶν
1155 4173 1273 4255 Φίλων,

292 4283 416 4365 partam
453 4278 597 4344 miseriae
627 4281 721 4346 amici
750 4279 886 4355 libenter
914 4281 948 4346 in
972 4302 1005 4346 se
1029 4281 1098 4346 vult
1121 4281 1274 4365 recipere,
1300 4281 1482 4366 quodcum

295 4408 332 4452 ec
356 4387 450 4451 etiam
476 4388 615 4451 secunda
638 4385 768 4450 fortuna
792 4408 866 4450 usus
890 4386 1001 4452 fuisset
1023 4409 1061 4452 ex
1084 4387 1194 4452 inferis
1218 4397 1381 4476 servatus.⁸
1398 4387 1481 4453 'lum

298 4493 417 4558 Orestis
447 4491 638 4578 Pyladisque
669 4493 812 4578 exemplo
844 4493 1016 4558 amicitiam
1046 4493 1220 4559 illustravit
1241 4494 1275 4559 in
1298 4494 1426 4560 Electra
1448 4497 1482 4559 et

290 4601 400 4667 Oreste
434 4602 466 4664 et
495 4597 656 4684 omnium
676 4599 887 4685 pulcherrime
917 4600 952 4664 in
983 4598 1054 4685 lph.
1086 4599 1238 4679 Taurica,
1268 4601 1320 4667 ubi
1345 4602 1481 4687 Pylades
