3418 5356
887 482 929 545 60

312 662 345 748 (a
355 661 513 728 Favorino
533 662 616 746 apud
637 660 730 744 Diog.
752 663 787 730 L.
808 662 870 746 IX,
895 666 925 742 7,
948 665 1005 752 34)
1025 663 1237 748 Anaxagorae
1258 661 1376 747 placita
1394 661 1502 726 iliade

311 770 376 836 sole
396 769 535 854 lunaque
556 789 620 832 non
639 769 768 853 propria
788 791 870 849 esse,
885 793 994 835 verum
1007 770 1353 855 antiquiora‚eumque
1364 768 1501 833 suffura-

311 879 379 941 tum
400 897 476 942 esse.
498 872 667 950 Quaeritur
686 896 761 959 ergo
778 897 834 940 our
846 880 939 940 tanta
951 877 1132 961 indignatio
1146 875 1253 940 subito
1266 875 1389 939 animos
1400 873 1503 938 Athe·

311 982 470 1047 niensium
483 980 694 1065 occupaverit.
705 979 802 1048 Ouius
815 982 859 1046 rei
872 983 968 1067 paulo
981 983 1077 1047 altius
1089 981 1280 1067 repetendae
1292 986 1367 1046 sunt
1379 1003 1501 1046 causae.

358 1086 581 1171 Philosophiae
601 1107 667 1151 non
685 1087 720 1150 in
742 1087 874 1153 Graecia
886 1090 1013 1174 proprie
1027 1088 1112 1153 dicta
1124 1091 1178 1152 sed
1190 1089 1225 1152 in
1239 1087 1372 1152 coloniis
1384 1088 1502 1153 Ionicis

311 1195 358 1279 (in
392 1192 471 1258 Asia
502 1192 623 1257 Minore
655 1196 688 1257 et
718 1193 866 1281 Thracia)
901 1198 934 1260 et
965 1195 1088 1260 Doricis
1119 1195 1163 1273 (in
1196 1192 1304 1258 Sicilia
1327 1196 1360 1258 et
1382 1194 1503 1279 Magna

311 1299 457 1383 Graecia)
492 1298 620 1363 fuerunt
650 1300 862 1377 incunabula,
894 1323 997 1386 neque
1028 1306 1103 1366 ante
1134 1298 1294 1366 Socratem
1327 1301 1411 1367 ullus
1441 1301 1504 1366 fuit

310 1404 518 1490 philosophus
541 1403 759 1473 Atheniensis.
783 1406 993 1492 Anaxagoras
1016 1408 1138 1492 primus
1159 1407 1303 1472 Athenas
1322 1407 1504 1472 introduxit
1538 1494 1541 1499 ι

310 1510 451 1575 studium
486 1509 662 1594 sapientiae
675 1509 719 1594 1),
756 1511 844 1576 cuius
876 1534 1101 1597 progressuum
1133 1513 1216 1577 cives
1249 1512 1352 1576 adhuc
1374 1513 1504 1598 ignaros

309 1616 425 1694 fuisse,
450 1616 512 1681 nisi
543 1616 569 1680 si
600 1616 655 1700 qui
686 1618 882 1701 peregrinati
909 1620 1085 1683 studiorum
1108 1621 1196 1683 sedes
1213 1618 1412 1695 visitassent,
1438 1642 1504 1685 non

312 1726 430 1787 temere
465 1722 543 1786 mihi
577 1723 765 1788 concludere
800 1724 919 1789 videor.
960 1723 1043 1800 Quid
1078 1747 1149 1790 eum
1185 1725 1367 1791 incitaverit
1401 1731 1436 1791 ut
1469 1727 1504 1791 in

312 1851 381 1893 eam
406 1829 516 1894 urbem
540 1829 693 1914 migraret
712 1853 871 1916 nusquam
891 1831 1030 1897 traditur
1049 1832 1223 1916 perspicue.
1246 1831 1378 1898 Veteres
1396 1855 1505 1898 recen-

312 1936 470 2022 tioresque
494 1956 559 2000 non
583 1935 810 2002 dubitaverunt
829 1938 951 2022 jactare
975 1938 1063 2003 urbis
1083 1921 1282 2023 splendorem
1303 1939 1506 2025 studiumque

312 2042 508 2108 emditionis.
539 2040 705 2119 Concedo,
736 2044 790 2108 sed
823 2044 1004 2109 addendum
1037 2044 1163 2109 videtur
1193 2065 1265 2108 eum
1289 2064 1354 2109 nou
1378 2044 1505 2110 novisse

312 2147 428 2213 civium
462 2147 613 2212 indolem.
649 2146 734 2212 Nam
770 2151 864 2214 decus
899 2147 980 2214 illud
1012 2149 1161 2215 Graeciae
1192 2149 1337 2233 quamvis
1363 2150 1507 2215 floruerit

311 2255 474 2319 literarum
510 2257 543 2320 et
576 2254 692 2319 artium
724 2256 847 2333 studi0,
881 2257 1060 2341 multosque
1092 2256 1203 2321 tulerit
1233 2257 1317 2322 viros
1345 2257 1381 2322 in
1409 2279 1505 2342 repu-

311 2362 395 2427 blica
433 2362 686 2426 administranda
717 2362 864 2447 belloque
895 2366 1035 2447 gerendo
1064 2362 1318 2447 insignissimos,
1354 2363 1507 2448 quamdiu

312 2471 480 2552 αὐτονομίᾳ
504 2467 667 2552 gaudebat
689 2491 864 2553 numquam
887 2468 1107 2554 philosophiae
1130 2468 1221 2533 favit.
1247 2469 1340 2535 Tunc
1359 2472 1506 2547 demum,

313 2597 411 2659 quum
447 2576 506 2640 sub
540 2575 757 2640 Romanorum
789 2575 914 2642 dicione
946 2579 1044 2659 esset,
1082 2575 1249 2659 omnisque
1272 2574 1431 2641 libertatis
1455 2598 1507 2640 ar-

313 2681 392 2746 tium
431 2702 562 2766 poeseos
593 2681 697 2766 gloria
726 2683 923 2758 evanuisset,
963 2681 1137 2766 sapientiae
1169 2680 1319 2746 studiosis
1354 2681 1504 2747 stabilem

313 2789 494 2873 certamque
524 2787 673 2871 praebuit
695 2788 811 2853 sedem.
836 2787 981 2852 Fuerunt
1003 2787 1129 2871 quidem
1154 2791 1186 2852 et
1209 2790 1303 2852 antea
1329 2789 1421 2853 multi
1443 2788 1504 2855 hoc

213 2948 217 2954 .
312 2893 417 2958 studio
446 2893 730 2977 praestantissimi,
763 2894 850 2958 velut
881 2893 1039 2971 Socrates,
1063 2892 1175 2972 Plato,
1199 2894 1404 2972 Aristoteles,
1429 2896 1505 2960 viri·

312 3023 374 3087 que
405 3000 522 3066 eruditi
552 3021 619 3065 nou
650 2999 744 3086 pauci
775 3000 849 3085 qui,
881 3021 1074 3085 quamquam
1107 3021 1173 3065 non
1203 3001 1232 3066 ei
1255 3001 1315 3066 soli
1336 3006 1506 3081 vacantes,

313 3128 467 3193 magnum
489 3107 565 3172 inde
589 3108 629 3171 ad
652 3106 818 3192 ingenium
842 3106 1048 3171 excolendum
1068 3111 1219 3192 caperent
1239 3108 1431 3186 subsidium,
1451 3110 1506 3174 sed

313 3214 452 3299 exceptis
484 3234 548 3278 uno
579 3216 611 3277 at
646 3213 746 3277 altero
777 3234 871 3277 nemo
896 3233 1022 3289 eorum,
1047 3212 1109 3277 nisi
1131 3213 1196 3278 imo
1220 3216 1348 3298 pectore
1370 3214 1506 3280 abscon-

313 3323 402 3386 deret
432 3320 654 3385 meditationes
680 3340 769 3396 suas,
796 3340 937 3383 securam
962 3318 1060 3383 vitam
1079 3340 1173 3403 agere
1192 3320 1299 3404 potuit
1318 3321 1507 3387 imminente

313 3428 466 3513 perpetuo
487 3425 598 3490 mortis
618 3424 668 3489 vel
688 3424 789 3489 exsilii
809 3428 866 3488 aut
884 3427 969 3489 certe
986 3425 1197 3490 accusationis
1216 3425 1366 3510 periculo.
1387 3426 1506 3491 Exem-

314 3536 367 3621 plo
398 3537 474 3599 sunt
500 3533 729 3615 Anaxagoras,
752 3530 963 3614 Protagoras,
988 3529 1166 3614 Diagoras,
1190 3530 1358 3609 Socrates,
1380 3531 1506 3598 Aristo·

314 3643 392 3707 telos
423 3643 484 3706 cet.
518 3638 622 3702 Erant
654 3637 739 3702 enim
767 3635 980 3703 Athenienses
1003 3637 1138 3720 populus
1162 3637 1507 3722 superstitiosissimns;

313 3750 352 3814 de
383 3748 502 3833 pietate
533 3767 590 3810 sua
613 3763 689 3829 erga
712 3745 787 3809 deos
810 3763 932 3827 semper
956 3742 1178 3826 gloriabantur
1191 3743 1236 3828 ²),
1257 3747 1290 3808 et
1303 3767 1506 3829 ¹quamquam

313 3878 366 3921 eos
390 3855 425 3918 in
449 3874 543 3918 scena
566 3851 688 3916 comica
710 3850 778 3916 sine
800 3849 866 3915 ulla
888 3849 1064 3914 reverentia
1087 3849 1183 3914 rideri
1207 3850 1337 3914 minime
1356 3851 1506 3936 indigna-

314 3961 451 4038 bantur,
482 3980 584 4044 neque
614 3957 677 4042 ipsi
707 3956 850 4042 profecto
881 3956 916 4021 iu
942 3956 1137 4041 quotidianis
1161 3957 1359 4022 sermonibus
1383 3980 1509 4044 semper

314 4067 353 4132 iis
383 4066 573 4151 parcebant,
600 4067 799 4129 nontamen
824 4101 866 4112 -
891 4065 928 4128 ut
951 4067 1024 4127 utar
1047 4063 1151 4126 verbis
1174 4062 1340 4128 Plutarchi
1364 4065 1409 4149 (v.
1434 4063 1507 4132 Nic.

314 4290 391 4354 ignea.
419 4292 575 4356 Xenophanes
599 4291 673 4340 solem
699 4293 807 4340 constare
830 4285 858 4338 ἐκ
882 4285 995 4350 πυριδίων
1019 4291 1068 4336 τῶν
1095 4286 1318 4353 συναθρσιζομένων
1346 4289 1392 4350 μὲν
1418 4285 1445 4338 ἔκ
1462 4291 1510 4348 τῆς

316 4368 394 4434 ὑγρᾶς
413 4371 599 4434 ἀναθυμιάσεως
613 4372 688 4433 (Plac.
703 4372 762 4436 phil.
778 4370 855 4436 ibid),
874 4369 1027 4436 Empedocles
1041 4369 1117 4418 solem
1131 4385 1179 4418 ease
1195 4370 1258 4434 ignia
1267 4371 1388 4435 ingentem
1397 4387 1507 4422 murem.

350 4456 375 4518 l)
394 4455 463 4519 Diog.
488 4456 516 4505 L.
543 4454 687 4504 Archelaum
711 4454 736 4503 id
761 4454 842 4503 fecisse
867 4453 973 4502 referens
998 4467 1079 4501 errare
1104 4452 1211 4512 videtur,
1236 4466 1260 4502 v.
1285 4453 1362 4503 Zeller
1385 4470 1424 4519 pg.
1443 4454 1508 4514 020,

315 4536 451 4588 Schaubach
468 4553 506 4602 pg.
525 4537 557 4587 22
574 4552 608 4600 sq.

348 4622 373 4684 2)
389 4620 424 4669 Ex
441 4619 532 4669 cunctis
550 4619 607 4672 locis
624 4635 699 4672 uuum
716 4617 842 4668 nominabo
860 4616 932 4682 Soph.
951 4617 980 4666 0.
999 4615 1053 4666 Col.
1071 4617 1136 4666 loos
1153 4631 1204 4681 sqq.
