3422 5362
782 463 845 530 139

673 770 740 855 On
750 773 862 856 PU'l
884 775 943 858 ΙΙ.

566 958 613 1010 Dll
637 958 794 1010 mosmos
819 959 861 1008 ll’l'
886 959 1048 1010 viarum.

577 1111 595 1195 5
622 1111 650 1174 l.
678 1109 866 1198 opinionum
888 1113 1039 1194 confruio.

254 1275 390 1342 Initium
420 1277 616 1362 quaestionis
646 1280 826 1364 propositae
858 1279 1021 1364 aptissime
1053 1279 1191 1344 sumitur
1220 1299 1259 1343 ex
1281 1278 1403 1344 ultimis

209 1383 313 1448 verbis
348 1383 462 1467 capitis
496 1384 650 1469 proximi:
686 1408 761 1450 uam
796 1387 836 1450 ad
867 1389 951 1452 recte
982 1386 1210 1470 intelligendas
1241 1385 1402 1470 Euripidis

209 1489 420 1573 cogitationes
452 1490 490 1554 de
522 1491 571 1555 his
599 1491 694 1556 rebus
717 1492 935 1576 discrepantes
958 1496 990 1558 et
1013 1492 1162 1558 confusas
1185 1492 1329 1557 animum
1352 1495 1403 1556 at·

208 1596 337 1662 teudme
366 1596 516 1662 debemus
540 1597 581 1662 ad
605 1598 785 1662 universam
809 1599 900 1663 illam
923 1598 1162 1664 contentionem
1185 1619 1290 1663 rerum
1314 1597 1400 1662 anti-

206 1724 342 1787 quarum
361 1706 394 1768 et
410 1724 582 1780 novarum,
603 1725 683 1788 quae
702 1704 759 1769 illa
778 1709 882 1770 aetate
897 1705 1065 1770 hominnm
1078 1709 1199 1770 mentes
1211 1704 1396 1789 perturbare

207 1813 364 1893 coeperat.
394 1807 499 1894 Supra
527 1809 566 1873 de
598 1809 660 1874 hac
684 1810 817 1874 materia
839 1811 977 1876 breviter
1000 1809 1132 1895 exposui
1155 1811 1223 1895 (pg.
1249 1811 1289 1872 21
1315 1810 1397 1893 sq.);

207 1913 268 1980 hoc
291 1935 366 1980 vero
388 1915 459 1980 loco
482 1916 588 1981 denno
611 1916 720 1999 paucis
744 1916 934 2000 explicanda
958 1917 1091 1982 videtur.

252 2021 299 2087 Ut
321 2023 353 2086 id
371 2022 455 2107 quod
474 2021 548 2088 volo
567 2043 661 2106 quam
682 2021 904 2106 planissimum
924 2022 1054 2106 faciam,
1077 2027 1205 2106 gentem
1226 2021 1397 2096 Graecam,

206 2129 474 2214 quemadmodum
509 2149 543 2192 se
576 2132 712 2193 exeunte
743 2127 868 2192 saeculo
899 2129 1013 2214 quinto
1036 2127 1192 2204 habebat,
1218 2127 1296 2191 mihi
1318 2126 1399 2191 libet

206 2253 395 2318 componere
416 2233 548 2298 Herculi
567 2233 720 2298 Prodiceo
733 2280 740 2310 ,
753 2234 808 2317 qni
820 2233 967 2298 absoluto
979 2234 1065 2300 facili
1073 2234 1253 2318 juventutis
1264 2233 1397 2309 itinere,

205 2339 240 2404 in
272 2360 336 2424 quo
367 2339 396 2403 ei
426 2343 513 2404 recta
539 2340 634 2404 modo
669 2342 703 2404 et
730 2343 840 2423 aperta
864 2341 915 2404 via
937 2361 1000 2426 qua
1024 2339 1217 2424 procedebat
1239 2341 1400 2423 sequenda

205 2448 292 2522 erat,
315 2467 418 2530 neque
438 2444 504 2510 nlla
521 2447 697 2530 apparebat
716 2447 829 2510 semita
850 2446 883 2510 in
904 2467 1000 2529 quam
1020 2446 1129 2510 devius
1141 2445 1266 2512 deflecti
1278 2448 1402 2530 posset,

205 2552 334 2617 tandem
357 2551 504 2637 pervenit
527 2553 562 2616 in
587 2552 707 2617 bivium
732 2551 829 2629 illud,
852 2552 908 2616 ubi
931 2556 987 2616 aut
1006 2551 1135 2616 virtutis
1154 2558 1209 2617 aut
1229 2551 1401 2636 voluptatis

206 2656 371 2742 eligendus
401 2663 471 2723 erat
498 2663 625 2723 trames.
657 2657 846 2723 Notandum
877 2657 955 2722 mihi
988 2658 1113 2723 videtur
1143 2657 1227 2723 hanc
1259 2657 1400 2722 fabulam

206 2763 274 2848 ipso
293 2762 350 2828 illo
369 2767 512 2848 tempore
532 2764 740 2848 compositam
763 2765 863 2828 totius
881 2765 988 2848 gentis
1000 2765 1215 2830 conditionem
1229 2763 1400 2829 illustrare.

205 2866 289 2932 Nam
323 2869 358 2932 in
381 2869 484 2933 umile
507 2869 628 2933 bivium
652 2869 730 2934 haec
754 2871 932 2935 devenerat.
969 2869 1057 2936 Solvi
1079 2874 1253 2955 coeperant
1273 2870 1398 2956 antiqui

206 2994 307 3038 mores
326 2973 533 3059 vulgaresque
554 2975 682 3040 vivendi
701 2977 861 3053 rationes,
876 2977 993 3061 quibus
1013 2977 1152 3042 nitentes
1173 2977 1318 3042 homines
1329 2977 1398 3042 sine

205 3080 318 3145 studiis
337 3081 594 3165 repugnantibus
613 3080 707 3147 facile
728 3081 941 3147 conficiebant
962 3082 1046 3148 vitae
1058 3082 1250 3148 curriculum
1261 3105 1268 3158 ;
1283 3084 1399 3149 exinde

205 3185 303 3268 igitur
333 3186 469 3271 singulis
499 3186 683 3254 hominibus
714 3188 835 3272 proprii
866 3209 970 3252 mores
1001 3191 1035 3252 et
1055 3187 1196 3253 rationes
1219 3189 1280 3254 soli
1302 3188 1398 3254 duces

205 3295 296 3356 erant
318 3291 428 3360 futuri.

248 3396 337 3462 Inter
356 3398 495 3464 diversas
513 3420 594 3484 quae
611 3399 768 3483 patebant
785 3399 852 3464 vias
871 3402 951 3464 duae
967 3401 1157 3484 conspicuae
1169 3402 1262 3464 erant
1278 3403 1311 3464 et
1323 3405 1398 3466 ante

204 3523 313 3568 omues
338 3505 553 3588 apparebant3
574 3527 709 3589 quarum
732 3505 832 3570 altera
854 3507 1006 3571 virtutem
1031 3508 1224 3570 monstraret
1247 3505 1399 3571 excelsio-

203 3629 287 3684 rem,
319 3610 546 3694 religiosiorem
569 3609 625 3675 sed
650 3611 824 3675 tristiorem
848 3633 946 3696 quam
966 3611 1072 3677 adhuc
1094 3611 1275 3688 colebatur,
1300 3611 1398 3676 vitam

204 3714 321 3780 scilicet
351 3738 370 3779 a
396 3716 617 3800 voluptatibus
641 3715 794 3798 alienam,
821 3718 861 3781 ab
885 3717 1049 3781 hominum
1074 3717 1225 3782 societate
1247 3717 1398 3782 remotio·

203 3841 288 3896 rem3
308 3841 378 3886 cum
399 3822 500 3887 altera
519 3827 633 3887 contra
655 3823 777 3887 nullam
798 3822 972 3887 officiorum
986 3823 1214 3908 cogitationem
1226 3823 1399 3902 indicaret,

202 3925 256 3990 sed
276 3927 308 3992 in
330 3931 490 4012 captanda
508 3928 689 4013 republica,
710 3929 744 3993 in
764 3933 896 4012 quaestu
917 3929 1080 4012 iaciendo,
1100 3929 1134 3993 in
1146 3928 1399 3994 libidinibusex·

202 4031 326 4117 plendis
345 4032 509 4098 licentiam
531 4034 734 4118 polliceretur
755 4033 858 4097 multo
880 4034 1030 4098 maiorem
1052 4055 1148 4119 quam
1168 4031 1399 4100 adhuciuerat.

247 4136 287 4202 Iu
317 4139 421 4224 primo
452 4137 645 4204 Graecorum
676 4139 804 4223 agmine
827 4138 997 4224 Euripides
1020 4141 1053 4205 in
1078 4139 1160 4205 illud
1183 4138 1302 4204 bivium
1326 4161 1399 4225 per·

202 4249 340 4312 venerat
364 4245 455 4312 Licet
476 4246 543 4331 ipse
567 4244 729 4310 meliorem
757 4245 817 4310 eibi
841 4245 925 4310 viam
949 4244 1097 4330 eligeret,
1122 4267 1188 4310 esee
1211 4249 1319 4310 tamen
1343 4247 1400 4331 qui

201 4347 280 4414 duee
309 4355 424 4416 natura
446 4351 609 4417 deterioris
632 4351 705 4416 viae
731 4349 851 4414 deliciis
875 4354 1066 4437 caperentur
1088 4355 1120 4416 et
1140 4349 1345 4436 intelligebat
1367 4355 1400 4417 et

200 4453 398 4537 aliquatenus
419 4455 625 4542 ignoscebat;
647 4477 712 4541 qno
732 4455 853 4520 factum
874 4460 922 4522 est
945 4457 1035 4522 utin
1056 4478 1093 4522 eo
1113 4455 1248 4522 mixtum
1269 4459 1302 4522 et
1321 4477 1400 4526 cou-

199 4559 304 4623 fnsum
329 4561 488 4628 videamus
508 4562 589 4627 illud
610 4565 696 4645 quod
716 4561 857 4626 restabat
876 4583 914 4626 ex
936 4563 1077 4648 antiquis
1097 4563 1303 4648 opinionibus
1323 4587 1395 4632 cum
