3418 5356
852 483 916 547 126

325 667 365 733 ln
393 667 576 732 Phoenissis
599 688 701 749 neque
723 665 836 750 Oedipi
860 664 1055 729 calamitates
1078 679 1181 748 neque
1205 663 1367 731 Menoeoei
1391 687 1475 730 mors

281 777 449 856 totumque
469 772 721 836 Labdacidarum
743 792 844 854 genus
866 770 1013 834 funditus
1034 791 1175 835 eversum
1189 772 1351 855 graviores
1363 792 1475 855 quere·

279 880 327 945 las
352 883 390 943 de
414 897 537 943 summo
558 878 690 942 numine
709 898 881 961 provocare
900 880 1037 961 possunt
1055 877 1117 941 nisi
1136 878 1214 942 haec
1234 877 1418 962 Antigonae
1435 877 1476 940 ad

281 987 405 1069 patrem
429 984 526 1049 verba
548 984 625 1047 satis
648 983 782 1047 obscura
806 983 938 1067 (moy

496 1091 528 1154 τί
551 1090 651 1166 rasin
676 1091 708 1153 τί
733 1089 831 1164 rnatu
857 1091 916 1167 οὐχ
940 1089 993 1172 δρᾷ
1020 1089 1103 1152 Δίκα
1128 1091 1261 1168 κακοὺς,

500 1193 561 1259 ott’
587 1194 757 1270 ἀμείβεται
782 1194 897 1271 βροτῶν
920 1195 1094 1264 ἀσυνεσίας.

327 1301 524 1385 Fragmenta
558 1300 738 1364 fabularum
758 1300 969 1384 perditarum
995 1301 1123 1384 prorsus
1147 1300 1267 1365 nullam
1293 1299 1475 1364 huiusmodi

281 1408 474 1473 sententiam
498 1407 666 1470 continent
681 1407 716 1490 ¹).

327 1513 449 1598 Operae
473 1512 609 1597 pretium
636 1515 684 1575 est
707 1511 894 1594 diligentius
917 1511 1125 1596 contemplari
1149 1511 1300 1577 Bacchas.
1317 1511 1474 1596 Dionysus

281 1619 428 1684 mulieres
451 1618 621 1682 Thebanae
644 1617 751 1681 furore
773 1618 982 1701 impleverat,
1004 1617 1104 1680 iratus
1124 1621 1209 1701 quod
1230 1624 1363 1682 matrem
1384 1640 1475 1683 suam

281 1745 402 1789 sorores
425 1723 573 1787 adulterii
591 1723 823 1788 accusavissent
843 1728 876 1786 et
896 1744 928 1786 se
949 1723 1041 1786 deum
1063 1744 1129 1786 esse
1149 1725 1362 1807 negavissent.
1384 1723 1475 1799 Quod

281 1853 336 1896 rex
366 1851 493 1916 quoque
524 1829 687 1893 Pentheus
722 1848 860 1912 negans,
897 1827 1044 1892 mulieres
1074 1827 1266 1895 bacchantes
1289 1830 1323 1894 in
1347 1830 1477 1896 vincula

281 1938 420 2023 conjecit
447 1937 615 2020 ipsumque
647 1935 825 2018 Dionysum
856 1935 891 1997 in
923 1956 1077 1999 carcerem
1100 1934 1241 2002 inclusit.
1277 1935 1475 2022 Quamquam

281 2043 418 2108 feminae
448 2064 497 2106 res
528 2044 729 2125 portentosas
753 2039 921 2124 perfecisse
944 2046 1116 2105 narrantur
1139 2040 1361 2128 Dionysusque
1384 2044 1476 2109 facile

280 2149 319 2214 iis
343 2147 485 2212 liberatis
515 2148 583 2231 ipse
607 2169 623 2211 e
646 2167 770 2210 carcere
800 2145 925 2228 aufugit
956 2145 1197 2231 Pentheumque
1219 2153 1330 2212 monet
1354 2171 1394 2214 ne
1417 2151 1474 2213 ad·

281 2276 388 2320 versus
409 2253 553 2317 stimulos
572 2253 672 2316 calces
692 2252 851 2327 remittat,
875 2251 927 2316 hio
945 2253 1054 2316 cedere
1074 2273 1139 2316 non
1153 2253 1238 2337 rult3
1252 2257 1338 2338 quod
1352 2253 1473 2340 Diony·

282 2381 334 2423 sus
356 2359 544 2441 indignatus
567 2379 638 2421 eum
664 2360 771 2420 mente
793 2356 898 2440 privat
925 2360 957 2421 et
977 2355 1074 2420 efficit
1094 2361 1132 2421 ut
1149 2358 1296 2424 mulieres
1307 2360 1474 2444 speculans

281 2463 322 2527 ab
349 2463 419 2546 ipsa
450 2467 552 2526 matre
582 2461 694 2546 Agave
721 2462 821 2526 inscia
844 2463 1042 2527 dilaceretur.
1078 2461 1164 2537 Duae
1188 2469 1285 2550 caput
1307 2466 1372 2530 eius
1396 2467 1474 2531 alie-

283 2591 373 2646 rens,
394 2567 617 2653 triumphoque
637 2568 814 2648 exsultans,
836 2571 1005 2652 postquam
1026 2573 1146 2652 epatre
1158 2567 1278 2635 Cadmo
1291 2573 1474 2638 estmonita

281 2675 429 2740 miseram
452 2674 511 2738 filii
534 2676 659 2737 caedem
683 2674 838 2757 agnoscit.
876 2673 989 2757 Itaque
1011 2673 1122 2739 fabula
1145 2677 1335 2742 terminatur
1346 2679 1473 2763 ingenti

281 2778 370 2843 luctu
396 2782 429 2841 et
453 2778 590 2842 discessu
614 2776 743 2854 Cadmi,
768 2777 866 2861 quia
890 2777 1033 2862 Dionyso
1062 2780 1164 2844 solum
1188 2787 1309 2847 vertere
1329 2785 1472 2868 jubetur.

326 2885 562 2966 Argumentum
592 2902 663 2945 oum
689 2881 869 2966 Hippolyto
892 2886 1069 2968 comparari
1093 2889 1208 2970 potest.
1241 2888 1364 2953 Pariter
1386 2891 1471 2954 enim

281 2988 316 3053 in
348 2987 483 3052 Bacchis
514 2990 590 3050 deus
620 2988 750 3071 quidam
777 3010 796 3050 a
819 2988 886 3052 viro
910 2993 1089 3054 contemtus
1114 2995 1147 3055 et
1170 2993 1334 3077 neglectus
1358 2997 1471 3062 crude·

283 3095 357 3184 liter
386 3093 611 3159 contumeliam
635 3093 806 3159 ulciscitur.
832 3093 992 3159 Pentheus
1015 3118 1142 3181 quoque
1165 3099 1253 3162 velut
1279 3100 1473 3185 Hippolytus

282 3204 331 3266 est
363 3201 489 3285 integer
511 3199 653 3265 moribus
677 3221 779 3283 neque
801 3200 920 3284 injuria
943 3200 1077 3265 feminas
1101 3202 1249 3268 bacchari
1272 3209 1360 3270 vetat
1383 3211 1415 3271 et
1437 3207 1473 3272 in

282 3307 392 3371 urbem
415 3306 542 3391 redigit.
567 3305 628 3370 Sed
650 3326 758 3388 quum,
783 3309 950 3388 postquam
973 3309 1123 3372 monstris
1142 3313 1175 3373 et
1194 3312 1348 3396 prodigiis
1368 3315 1473 3377 mani-

279 3410 359 3476 festo
384 3411 484 3476 eluxit
506 3413 684 3495 Dionysum
708 3411 743 3473 in
766 3411 896 3474 deorum
922 3433 1055 3476 numero
1086 3436 1152 3478 esse
1175 3415 1374 3496 habendum,
1399 3441 1470 3483 eum

281 3522 390 3582 tamen
414 3520 554 3583 nondum
580 3518 658 3583 velit
680 3518 810 3581 adorare
830 3539 938 3582 rerum
959 3519 1109 3583 insectari
1120 3526 1251 3606 pergat,
1262 3525 1349 3608 justo
1361 3547 1472 3610 super·

284 3622 352 3688 bior
375 3623 478 3689 factus
501 3624 592 3708 gravi
616 3645 720 3708 poena
743 3623 859 3707 dignus
882 3624 1016 3688 videtur.
1040 3624 1114 3689 ‚lam
1138 3649 1212 3692 vero
1236 3634 1383 3696 notemus
1405 3633 1471 3696 dis-

285 3729 413 3795 crimen.
452 3728 683 3814 Hippolyti
707 3751 791 3794 mors
814 3750 922 3794 omnes
945 3731 993 3794 ira
1020 3731 1165 3796 incendit
1186 3735 1221 3797 in
1245 3735 1336 3800 deam
1360 3740 1472 3803 crude·

286 3835 438 3900 lissimam
458 3834 505 3899 ita
524 3838 562 3898 ut
577 3836 728 3919 juvenilis
747 3835 860 3920 culpae
877 3857 1007 3920 prorsus
1026 3838 1266 3906 obliviscantur.
1289 3841 1473 3909 Penthei

283 3944 396 4006 contra
418 3939 548 4005 exitium
573 3940 634 4025 ipsi
654 3942 786 4025 cognati
806 3942 927 4025 justum
948 3965 1014 4008 esse
1027 3946 1215 4010 concedunt.
1240 3946 1375 4012 Accedit
1386 3953 1473 4034 quod

280 4044 315 4109 in
338 4046 443 4130 priore
466 4045 575 4110 fabula
598 4047 730 4110 ultionis
753 4048 1000 4110 instrumentum
1027 4048 1172 4113 Phaedra
1194 4051 1348 4118 innocens
1368 4057 1471 4140 perit,

282 4151 318 4214 in
349 4151 523 4235 posteriore
544 4149 656 4234 Agave
679 4154 720 4214 ad
744 4151 890 4216 ultimam
915 4152 1072 4217 miseriam
1097 4156 1280 4222 detruditur
1304 4181 1375 4224 cum
1400 4162 1472 4246 ipsa

281 4275 407 4340 quoque
440 4255 618 4339 Dionysum
654 4255 782 4338 eiusque
813 4260 948 4320 matrem
981 4261 1132 4343 (sororem
1168 4265 1271 4348 suam)
1303 4269 1470 4331 contume-

282 4359 326 4424 lia
356 4360 523 4427 affecisset.
558 4358 639 4424 Inde
668 4358 787 4424 factum
818 4366 866 4426 est
897 4367 934 4427 ut
964 4362 999 4426 in
1025 4363 1203 4450 Hippolyto
1227 4369 1286 4432 dea
1307 4370 1406 4434 ultrix
1430 4374 1473 4439 ab

315 4597 683 4666 nmammffln
