3422 5362
253 653 301 718 De
323 656 425 717 morte
447 672 573 738 quoque
597 650 679 716 nihil
699 651 777 717 certi
796 651 910 716 statuit
915 671 924 730 ;
946 653 1040 716 modo
1060 650 1185 737 vulgari
1205 650 1396 718 Graecorum

207 761 330 826 ratione
368 763 407 825 de
442 782 479 824 ea
514 760 639 825 locutus
674 764 741 836 est,
772 780 965 845 quamquam
995 757 1057 824 boc
1090 758 1223 824 fortasse
1253 762 1397 845 personis

210 868 337 933 scenicis
360 870 486 932 tantum
510 866 780 942 accommodavit,
806 903 846 913 -
872 868 966 928 modo
990 866 1030 929 ad
1053 865 1139 950 leges
1161 865 1309 951 physicas
1326 889 1395 932 eam

208 974 383 1052 revocavit,
411 975 505 1038 modo
528 972 711 1037 enuntiavit
729 993 826 1056 quam
850 992 908 1035 nos
931 973 1067 1036 mortem
1090 972 1302 1058 appellemus,
1326 996 1395 1039 eam
1466 973 1475 996 '

205 1077 337 1145 fortasse
359 1100 466 1145 veram
489 1100 556 1143 esse
578 1079 689 1144 vitam.

251 1183 318 1251 Nec
342 1185 445 1269 magis
468 1185 619 1249 virtutem
644 1185 860 1270 optimamque
883 1183 1011 1250 vivendi
1033 1183 1117 1248 viam
1141 1186 1296 1252 delinivit.
1317 1185 1396 1252 Par·

208 1291 266 1355 tim
300 1291 503 1356 consentiens
537 1312 608 1355 cnm
645 1290 831 1376 aequalibus
861 1291 1054 1371 σωφροσύνην
1085 1293 1222 1356 maxime
1253 1293 1396 1358 omnium

207 1398 460 1483 commendavit3
493 1397 610 1482 partim
642 1419 716 1462 vero
748 1402 881 1461 naturae
905 1401 938 1461 et
960 1397 1111 1481 cuiusque
1134 1397 1274 1463 hominis
1296 1398 1396 1464 indoli

207 1504 307 1569 multo
332 1504 484 1568 maiorem
508 1503 573 1567 vim
596 1503 711 1567 tribuit
733 1525 828 1588 quam
851 1503 974 1587 legibus
998 1506 1030 1568 et
1049 1503 1225 1580 institutis,
1246 1506 1279 1568 et
1297 1527 1396 1589 quum

206 1611 252 1676 ita
283 1610 398 1676 clarius
432 1631 526 1694 quam
559 1609 669 1674 utilius
701 1609 896 1694 intelligeret
926 1609 1090 1694 magisque
1118 1631 1213 1694 quam
1240 1611 1324 1675 cives
1347 1611 1396 1676 sui

206 1721 370 1781 excusaret
399 1715 482 1800 siqui
507 1717 541 1781 iu
567 1715 748 1801 voluptates
767 1719 912 1793 ruerent,
941 1719 1052 1779 contra
1075 1715 1258 1801 frequenter
1281 1717 1397 1782 fabulis

205 1822 379 1889 illustrarit
409 1823 629 1888 castimoniam
662 1828 696 1888 et
725 1823 958 1888 humanitatem
990 1823 1092 1888 multo
1123 1824 1273 1888 maiorem
1300 1846 1396 1909 quam

207 1930 473 1995 commendabant
495 1932 664 2015 praecepta
687 1930 842 2014 vulgaria.

252 2037 355 2114 Quum
390 2036 436 2102 sic
464 2037 499 2100 in
529 2036 625 2100 rebus
647 2035 867 2121 gravioribus,
889 2036 1034 2121 quamvis
1057 2035 1162 2101 nullas
1186 2036 1272 2122 leges
1295 2041 1397 2103 certas

209 2144 433 2221 constitueret,
460 2147 569 2207 tamen
593 2143 800 2228 exstirpando
824 2141 976 2227 antiquas¹
995 2143 1161 2228 opiniones
1181 2145 1222 2208 ad
1242 2167 1396 2210 novarum

207 2250 327 2314 semina
361 2249 541 2335 recipienda
564 2249 688 2314 animos
710 2253 934 2334 praepararet,
958 2253 1028 2313 turn
1052 2249 1086 2312 in
1109 2249 1204 2314 rebus
1227 2249 1397 2340 levioribus

207 2356 274 2441 ipse
297 2357 374 2422 baec
395 2357 518 2421 semina
537 2355 623 2440 jecit.
649 2355 764 2420 Acrius
784 2359 817 2419 et
837 2355 1034 2440 frequentius
1050 2377 1145 2440 quam
1158 2356 1272 2441 reliqui
1284 2363 1397 2442 poetae

209 2463 291 2529 vitae
315 2463 488 2528 vanitatem
511 2465 545 2527 et
567 2463 725 2527 miseriam
744 2462 907 2546 exposuit3
927 2462 1056 2546 ingenia
1076 2465 1108 2526 et
1127 2462 1250 2528 animos
1270 2466 1393 2528 tautum

208 2570 339 2636 colenda
370 2592 437 2635 esse
461 2569 589 2645 docuit,
613 2569 754 2651 corporis
778 2589 853 2632 vero
877 2568 999 2632 cultum
1024 2568 1115 2653 parvi
1138 2589 1205 2632 esse
1228 2569 1339 2654 pretii;
1366 2572 1399 2634 et

206 2676 352 2763 exemplo
371 2697 428 2741 suo
448 2679 480 2740 et
499 2675 603 2740 verbis
623 2673 722 2738 vitam
742 2673 877 2738 otiosam
891 2673 1048 2759 probarit.
1063 2673 1199 2739 Divitias
1211 2675 1397 2761 generisque

206 2782 407 2848 nobilitatem
441 2782 532 2846 nihili
564 2781 724 2847 faciendas
751 2802 817 2845 esse
840 2781 966 2856 docuit3
990 2801 1096 2846 servos
1119 2802 1245 2866 quoque
1267 2782 1398 2848 nonnisi

205 2889 335 2953 nomine
366 2889 407 2953 ab
429 2888 578 2973 ingenuis
602 2887 744 2964 differre;
767 2887 802 2951 iu
827 2888 945 2952 virtute
968 2887 1068 2951 solam
1093 2909 1160 2952 esee
1183 2887 1395 2954 nobilitatem.

205 2993 363 3060 Naturam
388 2994 573 3060 muliebrem
601 2995 738 3079 denique
762 2994 863 3058 multo
888 2993 1001 3057 melius
1023 3015 1117 3077 quam
1143 2995 1226 3059 cives
1250 2995 1300 3059 sui
1324 3016 1398 3080 per-

206 3103 328 3186 spexit3
361 3107 457 3186 atque
487 3101 520 3164 id
550 3101 654 3186 ipsum
685 3100 770 3184 quod
802 3099 918 3164 clarius
949 3098 1078 3162 ridebat
1107 3099 1241 3164 feminas
1265 3100 1397 3166 omuino

207 3209 336 3273 maximi
368 3230 435 3272 esse
465 3207 577 3293 pretii,
610 3227 868 3289 summarumque
899 3204 1055 3270 virtutum
1078 3205 1199 3270 semina
1222 3206 1261 3270 iis
1284 3205 1398 3270 innata

207 3335 291 3396 esse,
316 3314 420 3379 effecit
441 3318 478 3378 nt
502 3313 597 3378 etiam
621 3313 723 3378 multo
742 3312 845 3397 magis
865 3332 960 3396 quam
979 3311 1095 3396 reliqui
1113 3311 1283 3396 scriptores
1302 3311 1396 3376 femi-

207 3443 284 3498 nas,
305 3420 413 3504 quales
435 3442 545 3485 revera
567 3425 687 3501 essent,
714 3419 886 3502 castigaret
908 3423 942 3483 et
964 3417 1168 3502 vituperaret.

252 3633 286 3700 Si
306 3637 490 3718 reputamus
510 3633 596 3699 hisce
616 3635 763 3698 accedere
782 3634 867 3716 quod
888 3631 982 3696 etiam
1003 3631 1082 3696 artis
1093 3631 1234 3714 tragicae
1246 3636 1395 3697 naturam

210 3745 304 3827 atque
334 3741 472 3806 indolem
505 3741 661 3818 mutavit,
692 3739 837 3825 quamvis
867 3759 934 3803 non
963 3738 1040 3803 satis
1062 3739 1191 3824 ingenio
1219 3739 1339 3803 valeret
1360 3742 1397 3803 ut

208 3847 339 3933 abjectis
365 3847 476 3913 formis
503 3847 646 3933 antiquis
669 3851 701 3912 et
723 3846 866 3912 molestis
888 3867 988 3910 novas
1011 3867 1125 3932 easque
1149 3847 1287 3930 aptiores
1310 3867 1395 3911 crea-

206 3957 273 4031 ret,
298 3992 339 4003 —
362 3953 579 4040 intelligemus
602 3976 675 4019 eum
699 3953 816 4038 passim
840 3973 940 4017 novas
963 3952 1031 4016 vias
1050 3951 1210 4037 aperuisse
1229 3951 1395 4037 etadopi-

207 4061 319 4126 uioues
337 4059 527 4126 recentiores
550 4060 681 4147 propius
706 4060 882 4125 accessisse.

252 4167 364 4252 Itaque
395 4166 516 4232 factum
547 4172 596 4234 est
617 4170 656 4232 ut
677 4188 801 4230 summa
825 4165 1014 4231 auctoritate
1036 4169 1069 4230 et
1092 4167 1197 4252 gratia
1216 4168 1302 4251 apud
1320 4187 1395 4251 pos·

206 4263 291 4338 toros
322 4271 465 4338 floruerit
493 4272 591 4358 inque
622 4294 730 4338 eorum
764 4271 906 4336 moribus
937 4270 1113 4336 formandis
1136 4272 1305 4338 maximam
1329 4271 1395 4338 rim

206 4378 363 4444 habuerit.
387 4378 504 4445 Poetae
523 4379 703 4445 comoediae
724 4398 824 4442 novae
842 4376 989 4444 laudibus
1000 4399 1073 4442 eum
1085 4379 1126 4442 sd
1138 4379 1260 4444 coelum
1272 4377 1395 4443 extule-

207 4488 301 4560 runt;
330 4485 510 4550 Alexander
528 4484 665 4572 Magnus
683 4505 754 4548 eum
768 4484 876 4548 sedulo
888 4483 1063 4561 lectitarit3
1077 4485 1265 4550 Aristoteles
1277 4503 1395 4570 magua

208 4613 246 4658 ex
266 4597 358 4678 parte
377 4615 415 4660 ex
434 4615 471 4658 so
493 4594 630 4680 sumpsit
641 4591 718 4658 artis
731 4593 870 4676 tragicae
890 4591 985 4678 leges.
997 4592 1140 4658 Pictores
1152 4615 1189 4660 ex
1201 4593 1268 4660 eius
1279 4592 1396 4660 fabulis
