<?xml version="1.0" encoding="UTF-8"?>
<!DOCTYPE html PUBLIC "-//W3C//DTD XHTML 1.0 Transitional//EN"
    "http://www.w3.org/TR/xhtml1/DTD/xhtml1-transitional.dtd">
<html xmlns="http://www.w3.org/1999/xhtml" xml:lang="en" lang="en">
 <head>
  <title>
</title>
<meta http-equiv="Content-Type" content="text/html;charset=utf-8" />
  <meta name='ocr-system' content='tesseract 3.04.00' />
  <meta name='ocr-capabilities' content='ocr_page ocr_carea ocr_par ocr_line ocrx_word'/>
</head>
<body>
  <div class='ocr_page' id='page_1' title='image "./commentatiodeeu00berlgoog_0166.png"; bbox 0 0 3422 5362; ppageno 0'>
   <div class='ocr_carea' id='block_1_1' title="bbox 790 420 852 484">
    <p class='ocr_par' dir='ltr' id='par_1_1' title="bbox 790 420 852 484">
     <span class='ocr_line' id='line_1_1' title="bbox 790 420 852 484; baseline 0 0"><span class='ocrx_word' id='word_1_1' title='bbox 790 420 852 484; x_wconf 85' lang='lat'><strong>151</strong></span> 
     </span>
    </p>
   </div>
   <div class='ocr_carea' id='block_1_2' title="bbox 219 601 1419 2705">
    <p class='ocr_par' dir='ltr' id='par_1_2' title="bbox 223 601 1419 1218">
     <span class='ocr_line' id='line_1_2' title="bbox 225 601 1418 695; baseline 0.008 -29"><span class='ocrx_word' id='word_1_2' title='bbox 225 621 291 666; x_wconf 87' lang='lat' dir='ltr'><strong>esse</strong></span> <span class='ocrx_word' id='word_1_3' title='bbox 325 601 536 666; x_wconf 82' lang='lat' dir='ltr'><strong>accusandam</strong></span> <span class='ocrx_word' id='word_1_4' title='bbox 570 601 670 687; x_wconf 89' lang='lat' dir='ltr'><strong>siquis</strong></span> <span class='ocrx_word' id='word_1_5' title='bbox 704 623 741 666; x_wconf 89' lang='lat' dir='ltr'><strong>ea</strong></span> <span class='ocrx_word' id='word_1_6' title='bbox 776 603 894 670; x_wconf 90' lang='lat' dir='ltr'><strong>abusus</strong></span> <span class='ocrx_word' id='word_1_7' title='bbox 924 605 983 670; x_wconf 86' lang='lat' dir='ltr'><strong>sit:</strong></span> <span class='ocrx_word' id='word_1_8' title='bbox 1028 627 1130 691; x_wconf 86' lang='lat' dir='ltr'><strong>usque</strong></span> <span class='ocrx_word' id='word_1_9' title='bbox 1161 607 1245 672; x_wconf 92' lang='lat' dir='ltr'><strong>enim</strong></span> <span class='ocrx_word' id='word_1_10' title='bbox 1284 609 1311 673; x_wconf 91' lang='lat' dir='ltr'><strong>si</strong></span> <span class='ocrx_word' id='word_1_11' title='bbox 1345 610 1418 695; x_wconf 90' lang='lat' dir='ltr'><strong>quis</strong></span> 
     </span>
     <span class='ocr_line' id='line_1_3' title="bbox 224 707 1419 794; baseline 0.005 -20"><span class='ocrx_word' id='word_1_12' title='bbox 224 727 354 793; x_wconf 83' lang='lat' dir='ltr'><strong>corpore</strong></span> <span class='ocrx_word' id='word_1_13' title='bbox 375 707 411 772; x_wconf 93' lang='lat' dir='ltr'><strong>in</strong></span> <span class='ocrx_word' id='word_1_14' title='bbox 435 708 595 793; x_wconf 85' lang='lat' dir='ltr'><strong>palaestra</strong></span> <span class='ocrx_word' id='word_1_15' title='bbox 618 709 791 774; x_wconf 85' lang='lat' dir='ltr'><strong>exercitato</strong></span> <span class='ocrx_word' id='word_1_16' title='bbox 812 711 997 794; x_wconf 86' lang='lat' dir='ltr'><strong>parentibus</strong></span> <span class='ocrx_word' id='word_1_17' title='bbox 1018 711 1068 777; x_wconf 86' lang='lat' dir='ltr'><strong>vel</strong></span> <span class='ocrx_word' id='word_1_18' title='bbox 1089 712 1216 778; x_wconf 83' lang='lat' dir='ltr'><strong>famulis</strong></span> <span class='ocrx_word' id='word_1_19' title='bbox 1237 714 1419 781; x_wconf 82' lang='lat' dir='ltr'><strong>velaminis</strong></span> 
     </span>
     <span class='ocr_line' id='line_1_4' title="bbox 225 812 1418 906; baseline 0.006 -28"><span class='ocrx_word' id='word_1_20' title='bbox 225 812 288 878; x_wconf 82' lang='lat' dir='ltr'><strong>vim</strong></span> <span class='ocrx_word' id='word_1_21' title='bbox 311 812 446 890; x_wconf 81' lang='lat' dir='ltr'><strong>inferat,</strong></span> <span class='ocrx_word' id='word_1_22' title='bbox 470 813 541 879; x_wconf 89' lang='lat' dir='ltr'><strong>ideo</strong></span> <span class='ocrx_word' id='word_1_23' title='bbox 565 835 675 880; x_wconf 87' lang='lat' dir='ltr'><strong>omnes</strong></span> <span class='ocrx_word' id='word_1_24' title='bbox 699 816 938 900; x_wconf 74' lang='lat' dir='ltr'><strong>gymnasiorum</strong></span> <span class='ocrx_word' id='word_1_25' title='bbox 963 817 1134 902; x_wconf 83' lang='lat' dir='ltr'><strong>magistros</strong></span> <span class='ocrx_word' id='word_1_26' title='bbox 1158 821 1215 882; x_wconf 87' lang='lat' dir='ltr'><strong>sut</strong></span> <span class='ocrx_word' id='word_1_27' title='bbox 1237 819 1315 884; x_wconf 87' lang='lat' dir='ltr'><strong>artis</strong></span> <span class='ocrx_word' id='word_1_28' title='bbox 1334 841 1418 906; x_wconf 84' lang='lat' dir='ltr'><strong>pog-</strong></span> 
     </span>
     <span class='ocr_line' id='line_1_5' title="bbox 225 919 1418 1006; baseline 0.007 -23"><span class='ocrx_word' id='word_1_29' title='bbox 225 919 323 984; x_wconf 87' lang='lat' dir='ltr'><strong>nandi</strong></span> <span class='ocrx_word' id='word_1_30' title='bbox 351 925 571 1005; x_wconf 73' lang='lat' dir='ltr'><strong>praeceptores</strong></span> <span class='ocrx_word' id='word_1_31' title='bbox 602 921 747 1005; x_wconf 85' lang='lat' dir='ltr'><strong>epatris</strong></span> <span class='ocrx_word' id='word_1_32' title='bbox 777 943 844 986; x_wconf 91' lang='lat' dir='ltr'><strong>esse</strong></span> <span class='ocrx_word' id='word_1_33' title='bbox 875 922 1096 1006; x_wconf 82' lang='lat' dir='ltr'><strong>expellendos!</strong></span> <span class='ocrx_word' id='word_1_34' title='bbox 1131 923 1286 990; x_wconf 84' lang='lat' dir='ltr'><strong>Universa</strong></span> <span class='ocrx_word' id='word_1_35' title='bbox 1314 924 1418 992; x_wconf 88' lang='lat' dir='ltr'><strong>dicere</strong></span> 
     </span>
     <span class='ocr_line' id='line_1_6' title="bbox 223 1027 1418 1115; baseline 0.006 -26"><span class='ocrx_word' id='word_1_36' title='bbox 223 1045 390 1110; x_wconf 85' lang='lat' dir='ltr'><strong>possumus</strong></span> <span class='ocrx_word' id='word_1_37' title='bbox 425 1045 492 1090; x_wconf 91' lang='lat' dir='ltr'><strong>non</strong></span> <span class='ocrx_word' id='word_1_38' title='bbox 527 1027 644 1092; x_wconf 86' lang='lat' dir='ltr'><strong>multas</strong></span> <span class='ocrx_word' id='word_1_39' title='bbox 674 1031 760 1092; x_wconf 79' lang='lat' dir='ltr'><strong>artes</strong></span> <span class='ocrx_word' id='word_1_40' title='bbox 789 1028 927 1092; x_wconf 76' lang='lat' dir='ltr'><strong>exerceri</strong></span> <span class='ocrx_word' id='word_1_41' title='bbox 954 1049 1064 1113; x_wconf 86' lang='lat' dir='ltr'><strong>posse,</strong></span> <span class='ocrx_word' id='word_1_42' title='bbox 1090 1031 1117 1094; x_wconf 88' lang='lat' dir='ltr'><strong>si</strong></span> <span class='ocrx_word' id='word_1_43' title='bbox 1139 1031 1329 1115; x_wconf 78' lang='lat' dir='ltr'><strong>rejiciendae</strong></span> <span class='ocrx_word' id='word_1_44' title='bbox 1351 1031 1418 1096; x_wconf 90' lang='lat' dir='ltr'><strong>siut</strong></span> 
     </span>
     <span class='ocr_line' id='line_1_7' title="bbox 224 1133 1102 1218; baseline 0.003 -22"><span class='ocrx_word' id='word_1_45' title='bbox 224 1153 278 1196; x_wconf 89' lang='lat' dir='ltr'><strong>eae</strong></span> <span class='ocrx_word' id='word_1_46' title='bbox 300 1154 382 1217; x_wconf 86' lang='lat' dir='ltr'><strong>quae</strong></span> <span class='ocrx_word' id='word_1_47' title='bbox 405 1133 489 1197; x_wconf 88' lang='lat' dir='ltr'><strong>malo</strong></span> <span class='ocrx_word' id='word_1_48' title='bbox 512 1153 639 1217; x_wconf 88' lang='lat' dir='ltr'><strong>quoque</strong></span> <span class='ocrx_word' id='word_1_49' title='bbox 662 1133 795 1198; x_wconf 87' lang='lat' dir='ltr'><strong>consilio</strong></span> <span class='ocrx_word' id='word_1_50' title='bbox 820 1135 937 1200; x_wconf 83' lang='lat' dir='ltr'><strong>servire</strong></span> <span class='ocrx_word' id='word_1_51' title='bbox 961 1135 1102 1218; x_wconf 76' lang='lat' dir='ltr'><strong>possint!</strong></span> 
     </span>
    </p>

    <p class='ocr_par' dir='ltr' id='par_1_3' title="bbox 219 1238 1417 2705">
     <span class='ocr_line' id='line_1_8' title="bbox 268 1238 1415 1328; baseline 0.003 -24"><span class='ocrx_word' id='word_1_52' title='bbox 268 1238 370 1304; x_wconf 90' lang='lat' dir='ltr'><strong>Zeller</strong></span> <span class='ocrx_word' id='word_1_53' title='bbox 388 1240 537 1304; x_wconf 83' lang='lat' dir='ltr'><strong>observat</strong></span> <span class='ocrx_word' id='word_1_54' title='bbox 557 1241 625 1324; x_wconf 82' lang='lat' dir='ltr'><strong>(pg.</strong></span> <span class='ocrx_word' id='word_1_55' title='bbox 654 1241 740 1306; x_wconf 85' lang='lat'>1010</span> <span class='ocrx_word' id='word_1_56' title='bbox 762 1243 850 1326; x_wconf 82' lang='lat' dir='ltr'><strong>ann.)</strong></span> <span class='ocrx_word' id='word_1_57' title='bbox 868 1242 953 1306; x_wconf 85' lang='lat' dir='ltr'><strong>viros</strong></span> <span class='ocrx_word' id='word_1_58' title='bbox 974 1244 1004 1306; x_wconf 94' lang='lat' dir='ltr'><strong>d.</strong></span> <span class='ocrx_word' id='word_1_59' title='bbox 1027 1242 1126 1307; x_wconf 80' lang='lat' dir='ltr'><strong>Grote</strong></span> <span class='ocrx_word' id='word_1_60' title='bbox 1146 1247 1179 1306; x_wconf 87' lang='lat' dir='ltr'><strong>et</strong></span> <span class='ocrx_word' id='word_1_61' title='bbox 1197 1243 1304 1308; x_wconf 78' lang='lat' dir='ltr'><strong>Iswes</strong></span> <span class='ocrx_word' id='word_1_62' title='bbox 1324 1263 1415 1328; x_wconf 86' lang='lat' dir='ltr'><strong>prae-</strong></span> 
     </span>
     <span class='ocr_line' id='line_1_9' title="bbox 223 1345 1417 1434; baseline 0.003 -24"><span class='ocrx_word' id='word_1_63' title='bbox 223 1345 393 1410; x_wconf 85' lang='lat' dir='ltr'><strong>termisisse</strong></span> <span class='ocrx_word' id='word_1_64' title='bbox 423 1345 629 1430; x_wconf 74' lang='lat' dir='ltr'><strong>sophisticam</strong></span> <span class='ocrx_word' id='word_1_65' title='bbox 656 1345 896 1412; x_wconf 75' lang='lat' dir='ltr'><strong>distinctionem</strong></span> <span class='ocrx_word' id='word_1_66' title='bbox 923 1346 1013 1424; x_wconf 73' lang='grc' dir='ltr'><strong><em>νόμον</em></strong></span> <span class='ocrx_word' id='word_1_67' title='bbox 1037 1351 1071 1412; x_wconf 87' lang='lat' dir='ltr'><strong>ct</strong></span> <span class='ocrx_word' id='word_1_68' title='bbox 1092 1351 1236 1428; x_wconf 74' lang='grc' dir='ltr'><strong><em>Φύσεως,</em></strong></span> <span class='ocrx_word' id='word_1_69' title='bbox 1258 1348 1417 1434; x_wconf 87' lang='lat' dir='ltr'><strong>plerisque</strong></span> 
     </span>
     <span class='ocr_line' id='line_1_10' title="bbox 223 1441 1416 1539; baseline 0.004 -24"><span class='ocrx_word' id='word_1_70' title='bbox 223 1449 426 1516; x_wconf 80' lang='lat' dir='ltr'><strong>vehementer</strong></span> <span class='ocrx_word' id='word_1_71' title='bbox 448 1449 674 1536; x_wconf 81' lang='lat' dir='ltr'><strong>improbatam.</strong></span> <span class='ocrx_word' id='word_1_72' title='bbox 692 1441 764 1518; x_wconf 69' lang='lat' dir='ltr'><strong>¹Nec</strong></span> <span class='ocrx_word' id='word_1_73' title='bbox 785 1456 894 1517; x_wconf 81' lang='lat' dir='ltr'><strong>tamen</strong></span> <span class='ocrx_word' id='word_1_74' title='bbox 914 1453 999 1519; x_wconf 85' lang='lat' dir='ltr'><strong>hanc</strong></span> <span class='ocrx_word' id='word_1_75' title='bbox 1019 1475 1085 1518; x_wconf 86' lang='lat' dir='ltr'><strong>rem</strong></span> <span class='ocrx_word' id='word_1_76' title='bbox 1108 1454 1322 1539; x_wconf 82' lang='lat' dir='ltr'><strong>sophistarum</strong></span> <span class='ocrx_word' id='word_1_77' title='bbox 1341 1476 1416 1539; x_wconf 91' lang='lat' dir='ltr'><strong>pro·</strong></span> 
     </span>
     <span class='ocr_line' id='line_1_11' title="bbox 222 1557 1415 1646; baseline 0.004 -25"><span class='ocrx_word' id='word_1_78' title='bbox 222 1557 454 1642; x_wconf 81' lang='lat' dir='ltr'><strong>pugnatoribus</strong></span> <span class='ocrx_word' id='word_1_79' title='bbox 478 1562 510 1623; x_wconf 86' lang='lat' dir='ltr'><strong>et</strong></span> <span class='ocrx_word' id='word_1_80' title='bbox 528 1558 672 1642; x_wconf 86' lang='lat' dir='ltr'><strong>patronis</strong></span> <span class='ocrx_word' id='word_1_81' title='bbox 691 1559 853 1623; x_wconf 81' lang='lat' dir='ltr'><strong>vitandam</strong></span> <span class='ocrx_word' id='word_1_82' title='bbox 874 1581 941 1624; x_wconf 91' lang='lat' dir='ltr'><strong>esse</strong></span> <span class='ocrx_word' id='word_1_83' title='bbox 953 1563 1040 1643; x_wconf 80' lang='lat' dir='ltr'><strong>puto.</strong></span> <span class='ocrx_word' id='word_1_84' title='bbox 1061 1560 1187 1626; x_wconf 89' lang='lat' dir='ltr'><strong>Primos</strong></span> <span class='ocrx_word' id='word_1_85' title='bbox 1205 1565 1311 1626; x_wconf 88' lang='lat' dir='ltr'><strong>autem</strong></span> <span class='ocrx_word' id='word_1_86' title='bbox 1333 1561 1415 1646; x_wconf 90' lang='lat' dir='ltr'><strong>Hip·</strong></span> 
     </span>
     <span class='ocr_line' id='line_1_12' title="bbox 220 1661 1415 1752; baseline 0.004 -25"><span class='ocrx_word' id='word_1_87' title='bbox 220 1661 288 1747; x_wconf 86' lang='lat' dir='ltr'><strong>piae</strong></span> <span class='ocrx_word' id='word_1_88' title='bbox 298 1663 406 1748; x_wconf 83' lang='lat' dir='ltr'><strong>legum</strong></span> <span class='ocrx_word' id='word_1_89' title='bbox 418 1663 643 1729; x_wconf 84' lang='lat' dir='ltr'><strong>auctoritatem</strong></span> <span class='ocrx_word' id='word_1_90' title='bbox 655 1664 832 1750; x_wconf 81' lang='lat' dir='ltr'><strong>infringere</strong></span> <span class='ocrx_word' id='word_1_91' title='bbox 845 1665 988 1750; x_wconf 79' lang='lat' dir='ltr'><strong>ridetur3</strong></span> <span class='ocrx_word' id='word_1_92' title='bbox 1009 1669 1094 1750; x_wconf 83' lang='lat' dir='ltr'><strong>apud</strong></span> <span class='ocrx_word' id='word_1_93' title='bbox 1107 1666 1255 1752; x_wconf 87' lang='lat' dir='ltr'><strong>Xenoph.</strong></span> <span class='ocrx_word' id='word_1_94' title='bbox 1269 1666 1415 1751; x_wconf 84' lang='lat' dir='ltr'><strong>(Memor.</strong></span> 
     </span>
     <span class='ocr_line' id='line_1_13' title="bbox 221 1767 1415 1856; baseline 0.005 -23"><span class='ocrx_word' id='word_1_95' title='bbox 221 1767 280 1846; x_wconf 86' lang='lat' dir='ltr'><strong>IV,</strong></span> <span class='ocrx_word' id='word_1_96' title='bbox 310 1770 343 1846; x_wconf 84' lang='grc'><strong>4,</strong></span> <span class='ocrx_word' id='word_1_97' title='bbox 379 1771 433 1856; x_wconf 82' lang='grc'><strong>14)</strong></span> <span class='ocrx_word' id='word_1_98' title='bbox 465 1771 528 1834; x_wconf 84' lang='lat' dir='ltr'><strong>ait:</strong></span> <span class='ocrx_word' id='word_1_99' title='bbox 559 1770 665 1847; x_wconf 68' lang='lat' dir='ltr'><strong>admove</strong></span> <span class='ocrx_word' id='word_1_100' title='bbox 691 1777 755 1842; x_wconf 79' lang='grc' dir='ltr'><strong>πῶς</strong></span> <span class='ocrx_word' id='word_1_101' title='bbox 781 1769 819 1836; x_wconf 76' lang='grc' dir='ltr'><strong>ἄν</strong></span> <span class='ocrx_word' id='word_1_102' title='bbox 843 1797 890 1842; x_wconf 79' lang='grc' dir='ltr'><strong>τις</strong></span> <span class='ocrx_word' id='word_1_103' title='bbox 915 1773 1068 1849; x_wconf 63' lang='grc' dir='ltr'><strong>ἡγήσαιτο</strong></span> <span class='ocrx_word' id='word_1_104' title='bbox 1091 1772 1254 1838; x_wconf 74' lang='grc' dir='ltr'><strong><em>οποιιδοιῑοι</em></strong></span> <span class='ocrx_word' id='word_1_105' title='bbox 1277 1771 1415 1852; x_wconf 71' lang='grc' dir='ltr'><strong><em>πράγμιι</em></strong></span> 
     </span>
     <span class='ocr_line' id='line_1_14' title="bbox 222 1871 1414 1963; baseline 0.003 -23"><span class='ocrx_word' id='word_1_106' title='bbox 222 1871 298 1941; x_wconf 69' lang='grc' dir='ltr'><strong><em>εἶναι</em></strong></span> <span class='ocrx_word' id='word_1_107' title='bbox 331 1877 348 1951; x_wconf 73' lang='grc' dir='ltr'><strong><em>ἢ</em></strong></span> <span class='ocrx_word' id='word_1_108' title='bbox 379 1878 415 1940; x_wconf 77' lang='grc' dir='ltr'><strong>τὸ</strong></span> <span class='ocrx_word' id='word_1_109' title='bbox 442 1878 599 1942; x_wconf 73' lang='grc' dir='ltr'><strong><em>πείθεσθαι</em></strong></span> <span class='ocrx_word' id='word_1_110' title='bbox 632 1878 755 1963; x_wconf 72' lang='grc' dir='ltr'><strong><em>αὐτοῖς,</em></strong></span> <span class='ocrx_word' id='word_1_111' title='bbox 784 1874 833 1947; x_wconf 74' lang='grc' dir='ltr'><strong>οὕς</strong></span> <span class='ocrx_word' id='word_1_112' title='bbox 865 1903 905 1956; x_wconf 79' lang='lat' dir='ltr'><strong>ys</strong></span> <span class='ocrx_word' id='word_1_113' title='bbox 929 1880 1083 1951; x_wconf 71' lang='grc' dir='ltr'><strong><em>πολλάκις</em></strong></span> <span class='ocrx_word' id='word_1_114' title='bbox 1107 1879 1194 1945; x_wconf 74' lang='grc' dir='ltr'><strong><em>αὐτοὶ</em></strong></span> <span class='ocrx_word' id='word_1_115' title='bbox 1219 1881 1244 1944; x_wconf 70' lang='grc' dir='ltr'><strong>οἱ</strong></span> <span class='ocrx_word' id='word_1_116' title='bbox 1268 1881 1414 1957; x_wconf 75' lang='grc' dir='ltr'><strong><em>τιθέμενοι</em></strong></span> 
     </span>
     <span class='ocr_line' id='line_1_15' title="bbox 222 1981 1414 2071; baseline 0.003 -25"><span class='ocrx_word' id='word_1_117' title='bbox 222 1981 512 2059; x_wconf 72' lang='grc' dir='ltr'><strong>ἀποδοκιμάσαντες</strong></span> <span class='ocrx_word' id='word_1_118' title='bbox 544 1985 775 2058; x_wconf 73' lang='grc' dir='ltr'><strong><em>μετατίθενται.</em></strong></span> <span class='ocrx_word' id='word_1_119' title='bbox 807 1981 899 2058; x_wconf 80' lang='lat' dir='ltr'><strong>Quod</strong></span> <span class='ocrx_word' id='word_1_120' title='bbox 932 1984 959 2049; x_wconf 93' lang='lat' dir='ltr'><strong>si</strong></span> <span class='ocrx_word' id='word_1_121' title='bbox 989 1985 1034 2050; x_wconf 86' lang='lat' dir='ltr'><strong>sio</strong></span> <span class='ocrx_word' id='word_1_122' title='bbox 1065 1993 1248 2070; x_wconf 82' lang='lat' dir='ltr'><strong>excerptum</strong></span> <span class='ocrx_word' id='word_1_123' title='bbox 1271 1986 1414 2071; x_wconf 80' lang='lat' dir='ltr'><strong>legatur,</strong></span> 
     </span>
     <span class='ocr_line' id='line_1_16' title="bbox 221 2087 1416 2176; baseline 0.003 -24"><span class='ocrx_word' id='word_1_124' title='bbox 221 2089 312 2172; x_wconf 89' lang='lat' dir='ltr'><strong>quasi</strong></span> <span class='ocrx_word' id='word_1_125' title='bbox 340 2089 373 2153; x_wconf 93' lang='lat' dir='ltr'><strong>id</strong></span> <span class='ocrx_word' id='word_1_126' title='bbox 404 2087 541 2174; x_wconf 87' lang='lat' dir='ltr'><strong>Hippias</strong></span> <span class='ocrx_word' id='word_1_127' title='bbox 572 2088 657 2154; x_wconf 90' lang='lat' dir='ltr'><strong>ultro</strong></span> <span class='ocrx_word' id='word_1_128' title='bbox 692 2088 929 2154; x_wconf 75' lang='lat' dir='ltr'><strong>defendendum</strong></span> <span class='ocrx_word' id='word_1_129' title='bbox 965 2091 1199 2174; x_wconf 87' lang='lat' dir='ltr'><strong>proposuisset,</strong></span> <span class='ocrx_word' id='word_1_130' title='bbox 1235 2113 1352 2176; x_wconf 86' lang='lat' dir='ltr'><strong>anceps</strong></span> <span class='ocrx_word' id='word_1_131' title='bbox 1383 2094 1416 2156; x_wconf 90' lang='lat' dir='ltr'><strong>et</strong></span> 
     </span>
     <span class='ocr_line' id='line_1_17' title="bbox 220 2189 1415 2281; baseline 0.003 -23"><span class='ocrx_word' id='word_1_132' title='bbox 220 2213 318 2277; x_wconf 77' lang='lat' dir='ltr'><strong>grave</strong></span> <span class='ocrx_word' id='word_1_133' title='bbox 337 2194 471 2259; x_wconf 75' lang='lat' dir='ltr'><strong>forsitan</strong></span> <span class='ocrx_word' id='word_1_134' title='bbox 497 2193 598 2259; x_wconf 84' lang='lat' dir='ltr'><strong>videri</strong></span> <span class='ocrx_word' id='word_1_135' title='bbox 622 2195 739 2279; x_wconf 88' lang='lat' dir='ltr'><strong>possit;</strong></span> <span class='ocrx_word' id='word_1_136' title='bbox 764 2197 818 2259; x_wconf 89' lang='lat' dir='ltr'><strong>sed</strong></span> <span class='ocrx_word' id='word_1_137' title='bbox 838 2189 933 2273; x_wconf 60' lang='lat' dir='ltr'><strong>side,</strong></span> <span class='ocrx_word' id='word_1_138' title='bbox 955 2217 1093 2281; x_wconf 85' lang='lat' dir='ltr'><strong>quaeso,</strong></span> <span class='ocrx_word' id='word_1_139' title='bbox 1115 2219 1256 2281; x_wconf 86' lang='lat' dir='ltr'><strong>quanam</strong></span> <span class='ocrx_word' id='word_1_140' title='bbox 1276 2197 1415 2262; x_wconf 85' lang='lat' dir='ltr'><strong>Socratis</strong></span> 
     </span>
     <span class='ocr_line' id='line_1_18' title="bbox 220 2298 1413 2386; baseline 0.003 -24"><span class='ocrx_word' id='word_1_141' title='bbox 220 2298 437 2384; x_wconf 82' lang='lat' dir='ltr'><strong>disputatione</strong></span> <span class='ocrx_word' id='word_1_142' title='bbox 457 2299 536 2365; x_wconf 87' lang='lat' dir='ltr'><strong>hacc</strong></span> <span class='ocrx_word' id='word_1_143' title='bbox 555 2301 716 2366; x_wconf 86' lang='lat' dir='ltr'><strong>sententia</strong></span> <span class='ocrx_word' id='word_1_144' title='bbox 736 2305 936 2385; x_wconf 86' lang='lat' dir='ltr'><strong>provocetur.</strong></span> <span class='ocrx_word' id='word_1_145' title='bbox 957 2301 1112 2366; x_wconf 83' lang='lat' dir='ltr'><strong>Instituta</strong></span> <span class='ocrx_word' id='word_1_146' title='bbox 1123 2303 1323 2386; x_wconf 83' lang='lat' dir='ltr'><strong>quaestione,</strong></span> <span class='ocrx_word' id='word_1_147' title='bbox 1337 2301 1413 2386; x_wconf 92' lang='lat' dir='ltr'><strong>quid</strong></span> 
     </span>
     <span class='ocr_line' id='line_1_19' title="bbox 220 2405 1412 2488; baseline 0.001 -18"><span class='ocrx_word' id='word_1_148' title='bbox 220 2406 262 2470; x_wconf 88' lang='lat' dir='ltr'><strong>sit</strong></span> <span class='ocrx_word' id='word_1_149' title='bbox 288 2406 324 2470; x_wconf 80' lang='lat' dir='ltr'><strong>rh</strong></span> <span class='ocrx_word' id='word_1_150' title='bbox 353 2405 486 2484; x_wconf 71' lang='grc' dir='ltr'><strong><em>δίκαιον,</em></strong></span> <span class='ocrx_word' id='word_1_151' title='bbox 518 2405 663 2471; x_wconf 83' lang='lat' dir='ltr'><strong>Socrates</strong></span> <span class='ocrx_word' id='word_1_152' title='bbox 693 2427 825 2488; x_wconf 71' lang='lat' dir='ltr'><strong>arguere</strong></span> <span class='ocrx_word' id='word_1_153' title='bbox 855 2410 991 2471; x_wconf 87' lang='lat' dir='ltr'><strong>conatur</strong></span> <span class='ocrx_word' id='word_1_154' title='bbox 1020 2409 1056 2473; x_wconf 85' lang='grc' dir='ltr'><strong>τὸ</strong></span> <span class='ocrx_word' id='word_1_155' title='bbox 1086 2409 1211 2485; x_wconf 80' lang='grc' dir='ltr'><strong><em>νόμιμοι</em></strong></span> <span class='ocrx_word' id='word_1_156' title='bbox 1238 2429 1305 2472; x_wconf 86' lang='lat' dir='ltr'><strong>esse</strong></span> <span class='ocrx_word' id='word_1_157' title='bbox 1328 2408 1412 2472; x_wconf 84' lang='lat' dir='ltr'><strong>idem</strong></span> 
     </span>
     <span class='ocr_line' id='line_1_20' title="bbox 219 2511 1412 2597; baseline 0.001 -21"><span class='ocrx_word' id='word_1_158' title='bbox 219 2515 304 2596; x_wconf 86' lang='lat' dir='ltr'><strong>quod</strong></span> <span class='ocrx_word' id='word_1_159' title='bbox 327 2512 362 2576; x_wconf 79' lang='lat' dir='ltr'><strong>rh</strong></span> <span class='ocrx_word' id='word_1_160' title='bbox 388 2511 513 2577; x_wconf 72' lang='grc' dir='ltr'><strong><em>δίκαιον.</em></strong></span> <span class='ocrx_word' id='word_1_161' title='bbox 536 2511 620 2578; x_wconf 83' lang='lat' dir='ltr'><strong>Nam</strong></span> <span class='ocrx_word' id='word_1_162' title='bbox 640 2512 696 2597; x_wconf 87' lang='lat' dir='ltr'><strong>qui</strong></span> <span class='ocrx_word' id='word_1_163' title='bbox 716 2513 750 2576; x_wconf 77' lang='grc' dir='ltr'><strong>τὸ</strong></span> <span class='ocrx_word' id='word_1_164' title='bbox 772 2513 897 2589; x_wconf 74' lang='grc' dir='ltr'><strong><em>νόμιμοι</em></strong></span> <span class='ocrx_word' id='word_1_165' title='bbox 917 2513 938 2578; x_wconf 93' lang='lat' dir='ltr'><strong>i.</strong></span> <span class='ocrx_word' id='word_1_166' title='bbox 961 2535 987 2577; x_wconf 89' lang='lat' dir='ltr'><strong>e.</strong></span> <span class='ocrx_word' id='word_1_167' title='bbox 1007 2515 1077 2586; x_wconf 78' lang='grc' dir='ltr'><strong><em>τοὺς</em></strong></span> <span class='ocrx_word' id='word_1_168' title='bbox 1098 2513 1412 2591; x_wconf 57' lang='lat' dir='ltr'><strong>adprendendum</strong></span> 
     </span>
     <span class='ocr_line' id='line_1_21' title="bbox 220 2617 1412 2705; baseline 0.003 -24"><span class='ocrx_word' id='word_1_169' title='bbox 220 2617 365 2684; x_wconf 86' lang='lat' dir='ltr'><strong>observet</strong></span> <span class='ocrx_word' id='word_1_170' title='bbox 386 2619 491 2703; x_wconf 90' lang='lat' dir='ltr'><strong>ipsum</strong></span> <span class='ocrx_word' id='word_1_171' title='bbox 516 2639 582 2684; x_wconf 85' lang='lat' dir='ltr'><strong>esse</strong></span> <span class='ocrx_word' id='word_1_172' title='bbox 605 2617 730 2696; x_wconf 72' lang='grc' dir='ltr'><strong><em>νόμιμον</em></strong></span> <span class='ocrx_word' id='word_1_173' title='bbox 755 2620 788 2683; x_wconf 93' lang='lat' dir='ltr'><strong>et</strong></span> <span class='ocrx_word' id='word_1_174' title='bbox 811 2619 917 2685; x_wconf 71' lang='grc' dir='ltr'><strong><em>δίκαιοι</em></strong></span> <span class='ocrx_word' id='word_1_175' title='bbox 940 2619 1105 2699; x_wconf 68' lang='grc' dir='ltr'><strong><em>πράττειν,</em></strong></span> <span class='ocrx_word' id='word_1_176' title='bbox 1129 2620 1185 2705; x_wconf 92' lang='lat' dir='ltr'><strong>qui</strong></span> <span class='ocrx_word' id='word_1_177' title='bbox 1205 2620 1320 2698; x_wconf 84' lang='lat' dir='ltr'><strong>violet,</strong></span> <span class='ocrx_word' id='word_1_178' title='bbox 1340 2642 1412 2685; x_wconf 88' lang='lat' dir='ltr'><strong>eum</strong></span> 
     </span>
    </p>
   </div>
   <div class='ocr_carea' id='block_1_3' title="bbox 220 2723 1537 2812">
    <p class='ocr_par' dir='ltr' id='par_1_4' title="bbox 220 2723 1537 2812">
     <span class='ocr_line' id='line_1_22' title="bbox 220 2723 1537 2812; baseline 0.002 -23"><span class='ocrx_word' id='word_1_179' title='bbox 220 2726 366 2803; x_wconf 74' lang='grc' dir='ltr'><strong><em>πράττειν</em></strong></span> <span class='ocrx_word' id='word_1_180' title='bbox 388 2723 493 2792; x_wconf 70' lang='grc' dir='ltr'><strong><em>ἄδικοι.</em></strong></span> <span class='ocrx_word' id='word_1_181' title='bbox 514 2724 575 2802; x_wconf 85' lang='lat' dir='ltr'><strong>Qui</strong></span> <span class='ocrx_word' id='word_1_182' title='bbox 598 2726 703 2790; x_wconf 69' lang='grc' dir='ltr'><strong><em>δίκαιοι</em></strong></span> <span class='ocrx_word' id='word_1_183' title='bbox 724 2723 875 2810; x_wconf 70' lang='grc' dir='ltr'><strong><em>πράττει,</em></strong></span> <span class='ocrx_word' id='word_1_184' title='bbox 895 2747 967 2790; x_wconf 91' lang='lat' dir='ltr'><strong>eum</strong></span> <span class='ocrx_word' id='word_1_185' title='bbox 988 2747 1055 2792; x_wconf 87' lang='lat' dir='ltr'><strong>esse</strong></span> <span class='ocrx_word' id='word_1_186' title='bbox 1077 2727 1209 2801; x_wconf 72' lang='lat' dir='ltr'><strong>dieseos,</strong></span> <span class='ocrx_word' id='word_1_187' title='bbox 1229 2725 1410 2812; x_wconf 62' lang='lat' dir='ltr'><strong>quiritans,</strong></span> <span class='ocrx_word' id='word_1_188' title='bbox 1533 2723 1537 2734; x_wconf 82' lang='lat'>&#39;</span> 
     </span>
    </p>
   </div>
   <div class='ocr_carea' id='block_1_4' title="bbox 216 2829 1414 3979">
    <p class='ocr_par' dir='ltr' id='par_1_5' title="bbox 218 2829 1412 3022">
     <span class='ocr_line' id='line_1_23' title="bbox 219 2829 1412 2918; baseline 0.004 -24"><span class='ocrx_word' id='word_1_189' title='bbox 219 2829 331 2896; x_wconf 70' lang='grc' dir='ltr'><strong><em>ἄδικοι.</em></strong></span> <span class='ocrx_word' id='word_1_190' title='bbox 356 2830 445 2918; x_wconf 77' lang='lat' dir='ltr'><strong>Ergo</strong></span> <span class='ocrx_word' id='word_1_191' title='bbox 469 2833 520 2896; x_wconf 75' lang='grc' dir='ltr'><strong>τὸν</strong></span> <span class='ocrx_word' id='word_1_192' title='bbox 544 2832 672 2908; x_wconf 72' lang='grc' dir='ltr'><strong><em>νόμιμοι</em></strong></span> <span class='ocrx_word' id='word_1_193' title='bbox 695 2853 763 2896; x_wconf 90' lang='lat' dir='ltr'><strong>esse</strong></span> <span class='ocrx_word' id='word_1_194' title='bbox 786 2831 918 2910; x_wconf 67' lang='grc' dir='ltr'><strong>δίκαιον,</strong></span> <span class='ocrx_word' id='word_1_195' title='bbox 944 2831 995 2896; x_wconf 84' lang='grc' dir='ltr'><strong>τὸν</strong></span> <span class='ocrx_word' id='word_1_196' title='bbox 1020 2832 1132 2910; x_wconf 74' lang='grc' dir='ltr'><strong><em>ἄνομοι</em></strong></span> <span class='ocrx_word' id='word_1_197' title='bbox 1156 2832 1279 2911; x_wconf 64' lang='grc' dir='ltr'><strong><em>ἄδικοι,</em></strong></span> <span class='ocrx_word' id='word_1_198' title='bbox 1304 2833 1339 2898; x_wconf 77' lang='grc' dir='ltr'><strong>τὸ</strong></span> <span class='ocrx_word' id='word_1_199' title='bbox 1364 2833 1412 2900; x_wconf 74' lang='grc' dir='ltr'><strong>τό·</strong></span> 
     </span>
     <span class='ocr_line' id='line_1_24' title="bbox 218 2937 1127 3022; baseline -0.001 -21"><span class='ocrx_word' id='word_1_200' title='bbox 218 2959 312 3014; x_wconf 83' lang='grc' dir='ltr'><strong><em>ριιριιι</em></strong></span> <span class='ocrx_word' id='word_1_201' title='bbox 336 2938 438 3022; x_wconf 79' lang='lat' dir='ltr'><strong>igitur</strong></span> <span class='ocrx_word' id='word_1_202' title='bbox 458 2937 544 3002; x_wconf 89' lang='lat' dir='ltr'><strong>idem</strong></span> <span class='ocrx_word' id='word_1_203' title='bbox 567 2959 634 3002; x_wconf 86' lang='lat' dir='ltr'><strong>esee</strong></span> <span class='ocrx_word' id='word_1_204' title='bbox 657 2940 743 3022; x_wconf 91' lang='lat' dir='ltr'><strong>quod</strong></span> <span class='ocrx_word' id='word_1_205' title='bbox 768 2938 803 3001; x_wconf 80' lang='lat' dir='ltr'><strong>sd</strong></span> <span class='ocrx_word' id='word_1_206' title='bbox 826 2938 951 3003; x_wconf 72' lang='grc' dir='ltr'><strong><em>δίκαιον.</em></strong></span> <span class='ocrx_word' id='word_1_207' title='bbox 1121 3003 1127 3011; x_wconf 72' lang='grc'><strong><em>,</em></strong></span> 
     </span>
    </p>

    <p class='ocr_par' dir='ltr' id='par_1_6' title="bbox 216 3042 1414 3979">
     <span class='ocr_line' id='line_1_25' title="bbox 262 3042 1414 3130; baseline 0.001 -21"><span class='ocrx_word' id='word_1_208' title='bbox 262 3042 336 3111; x_wconf 87' lang='lat' dir='ltr'><strong>Jam</strong></span> <span class='ocrx_word' id='word_1_209' title='bbox 366 3065 478 3108; x_wconf 85' lang='lat' dir='ltr'><strong>omnes</strong></span> <span class='ocrx_word' id='word_1_210' title='bbox 509 3043 653 3108; x_wconf 86' lang='lat' dir='ltr'><strong>obtestor</strong></span> <span class='ocrx_word' id='word_1_211' title='bbox 683 3043 829 3108; x_wconf 83' lang='lat' dir='ltr'><strong>veritatis</strong></span> <span class='ocrx_word' id='word_1_212' title='bbox 858 3047 1035 3122; x_wconf 85' lang='lat' dir='ltr'><strong>amatores,</strong></span> <span class='ocrx_word' id='word_1_213' title='bbox 1067 3044 1139 3128; x_wconf 91' lang='lat' dir='ltr'><strong>quis</strong></span> <span class='ocrx_word' id='word_1_214' title='bbox 1172 3065 1238 3109; x_wconf 89' lang='lat' dir='ltr'><strong>non</strong></span> <span class='ocrx_word' id='word_1_215' title='bbox 1268 3045 1414 3130; x_wconf 81' lang='lat' dir='ltr'><strong>repudiet</strong></span> 
     </span>
     <span class='ocr_line' id='line_1_26' title="bbox 218 3148 1412 3235; baseline 0.003 -22"><span class='ocrx_word' id='word_1_216' title='bbox 218 3148 313 3214; x_wconf 83' lang='lat' dir='ltr'><strong>talem</strong></span> <span class='ocrx_word' id='word_1_217' title='bbox 336 3150 600 3234; x_wconf 87' lang='lat' dir='ltr'><strong>disputationem,</strong></span> <span class='ocrx_word' id='word_1_218' title='bbox 622 3171 685 3234; x_wconf 90' lang='lat' dir='ltr'><strong>qna</strong></span> <span class='ocrx_word' id='word_1_219' title='bbox 705 3169 744 3213; x_wconf 86' lang='lat' dir='ltr'><strong>ex</strong></span> <span class='ocrx_word' id='word_1_220' title='bbox 764 3149 815 3214; x_wconf 90' lang='lat' dir='ltr'><strong>his</strong></span> <span class='ocrx_word' id='word_1_221' title='bbox 835 3171 916 3234; x_wconf 85' lang='lat' dir='ltr'><strong>quae</strong></span> <span class='ocrx_word' id='word_1_222' title='bbox 937 3152 1030 3214; x_wconf 86' lang='lat' dir='ltr'><strong>erant</strong></span> <span class='ocrx_word' id='word_1_223' title='bbox 1049 3154 1195 3234; x_wconf 87' lang='lat' dir='ltr'><strong>sumpts:</strong></span> <span class='ocrx_word' id='word_1_224' title='bbox 1218 3152 1274 3235; x_wconf 87' lang='lat' dir='ltr'><strong>qui</strong></span> <span class='ocrx_word' id='word_1_225' title='bbox 1294 3154 1412 3228; x_wconf 82' lang='grc' dir='ltr'><strong><em>νόμιμοι</em></strong></span> 
     </span>
     <span class='ocr_line' id='line_1_27' title="bbox 218 3255 1412 3343; baseline 0.004 -25"><span class='ocrx_word' id='word_1_226' title='bbox 218 3255 367 3334; x_wconf 74' lang='grc' dir='ltr'><strong><em>πράττει,</em></strong></span> <span class='ocrx_word' id='word_1_227' title='bbox 400 3255 506 3321; x_wconf 71' lang='lat' dir='ltr'><strong>tiam</strong></span> <span class='ocrx_word' id='word_1_228' title='bbox 538 3255 690 3338; x_wconf 72' lang='grc' dir='ltr'><strong><em>πράττει,</em></strong></span> <span class='ocrx_word' id='word_1_229' title='bbox 723 3255 839 3340; x_wconf 88' lang='lat' dir='ltr'><strong>puerili</strong></span> <span class='ocrx_word' id='word_1_230' title='bbox 871 3259 905 3321; x_wconf 89' lang='lat' dir='ltr'><strong>et</strong></span> <span class='ocrx_word' id='word_1_231' title='bbox 935 3255 1049 3340; x_wconf 87' lang='lat' dir='ltr'><strong>putido</strong></span> <span class='ocrx_word' id='word_1_232' title='bbox 1080 3276 1186 3320; x_wconf 79' lang='lat' dir='ltr'><strong>errore</strong></span> <span class='ocrx_word' id='word_1_233' title='bbox 1208 3256 1371 3323; x_wconf 85' lang='lat' dir='ltr'><strong>dialectico</strong></span> <span class='ocrx_word' id='word_1_234' title='bbox 1388 3259 1412 3343; x_wconf 83' lang='lat'><strong>¹)</strong></span> 
     </span>
     <span class='ocr_line' id='line_1_28' title="bbox 218 3360 1412 3447; baseline 0.001 -19"><span class='ocrx_word' id='word_1_235' title='bbox 218 3363 428 3428; x_wconf 85' lang='lat' dir='ltr'><strong>concludatur</strong></span> <span class='ocrx_word' id='word_1_236' title='bbox 454 3364 490 3427; x_wconf 77' lang='grc' dir='ltr'><strong>τὸ</strong></span> <span class='ocrx_word' id='word_1_237' title='bbox 522 3360 649 3439; x_wconf 69' lang='grc' dir='ltr'><strong><em>νόμιμοι</em></strong></span> <span class='ocrx_word' id='word_1_238' title='bbox 679 3363 763 3426; x_wconf 89' lang='lat' dir='ltr'><strong>idem</strong></span> <span class='ocrx_word' id='word_1_239' title='bbox 794 3383 861 3427; x_wconf 86' lang='lat' dir='ltr'><strong>esse</strong></span> <span class='ocrx_word' id='word_1_240' title='bbox 887 3361 1186 3447; x_wconf 66' lang='lat' dir='ltr'><strong>quadratiano,</strong></span> <span class='ocrx_word' id='word_1_241' title='bbox 1213 3397 1253 3410; x_wconf 89' lang='lat'><strong>-</strong></span> <span class='ocrx_word' id='word_1_242' title='bbox 1279 3384 1353 3428; x_wconf 86' lang='lat' dir='ltr'><strong>nam</strong></span> <span class='ocrx_word' id='word_1_243' title='bbox 1378 3365 1412 3429; x_wconf 94' lang='lat' dir='ltr'><strong>id</strong></span> 
     </span>
     <span class='ocr_line' id='line_1_29' title="bbox 217 3467 1410 3554; baseline 0.003 -22"><span class='ocrx_word' id='word_1_244' title='bbox 217 3467 277 3534; x_wconf 87' lang='lat' dir='ltr'><strong>sibi</strong></span> <span class='ocrx_word' id='word_1_245' title='bbox 300 3467 444 3534; x_wconf 86' lang='lat' dir='ltr'><strong>Socrates</strong></span> <span class='ocrx_word' id='word_1_246' title='bbox 467 3471 633 3534; x_wconf 87' lang='lat' dir='ltr'><strong>ostendere</strong></span> <span class='ocrx_word' id='word_1_247' title='bbox 657 3472 877 3553; x_wconf 85' lang='lat' dir='ltr'><strong>proposuerat.</strong></span> <span class='ocrx_word' id='word_1_248' title='bbox 913 3468 987 3533; x_wconf 88' lang='lat' dir='ltr'><strong>Iure</strong></span> <span class='ocrx_word' id='word_1_249' title='bbox 1009 3468 1109 3554; x_wconf 80' lang='lat' dir='ltr'><strong>igitur</strong></span> <span class='ocrx_word' id='word_1_250' title='bbox 1130 3467 1235 3553; x_wconf 88' lang='lat' dir='ltr'><strong>rejicit</strong></span> <span class='ocrx_word' id='word_1_251' title='bbox 1256 3468 1410 3553; x_wconf 86' lang='lat' dir='ltr'><strong>Hippias,</strong></span> 
     </span>
     <span class='ocr_line' id='line_1_30' title="bbox 218 3575 1409 3659; baseline 0.001 -20"><span class='ocrx_word' id='word_1_252' title='bbox 218 3579 250 3639; x_wconf 87' lang='lat' dir='ltr'><strong>et</strong></span> <span class='ocrx_word' id='word_1_253' title='bbox 279 3575 440 3640; x_wconf 81' lang='lat' dir='ltr'><strong>serissime</strong></span> <span class='ocrx_word' id='word_1_254' title='bbox 463 3575 611 3641; x_wconf 82' lang='lat' dir='ltr'><strong>observat</strong></span> <span class='ocrx_word' id='word_1_255' title='bbox 628 3576 714 3640; x_wconf 89' lang='lat' dir='ltr'><strong>tanti</strong></span> <span class='ocrx_word' id='word_1_256' title='bbox 737 3575 891 3640; x_wconf 81' lang='lat' dir='ltr'><strong>momenti</strong></span> <span class='ocrx_word' id='word_1_257' title='bbox 915 3597 981 3640; x_wconf 86' lang='lat' dir='ltr'><strong>essa</strong></span> <span class='ocrx_word' id='word_1_258' title='bbox 1003 3595 1069 3640; x_wconf 90' lang='lat' dir='ltr'><strong>uon</strong></span> <span class='ocrx_word' id='word_1_259' title='bbox 1092 3595 1184 3659; x_wconf 87' lang='lat' dir='ltr'><strong>posse</strong></span> <span class='ocrx_word' id='word_1_260' title='bbox 1206 3577 1240 3639; x_wconf 76' lang='grc' dir='ltr'><strong>τὸ</strong></span> <span class='ocrx_word' id='word_1_261' title='bbox 1265 3575 1409 3656; x_wconf 81' lang='grc' dir='ltr'><strong><em>νόμιμοι,</em></strong></span> 
     </span>
     <span class='ocr_line' id='line_1_31' title="bbox 217 3680 1408 3766; baseline 0.003 -22"><span class='ocrx_word' id='word_1_262' title='bbox 217 3681 301 3764; x_wconf 87' lang='lat' dir='ltr'><strong>qnod</strong></span> <span class='ocrx_word' id='word_1_263' title='bbox 336 3681 519 3766; x_wconf 85' lang='lat' dir='ltr'><strong>saepissime</strong></span> <span class='ocrx_word' id='word_1_264' title='bbox 548 3685 699 3746; x_wconf 85' lang='lat' dir='ltr'><strong>mutetur.</strong></span> <span class='ocrx_word' id='word_1_265' title='bbox 735 3680 806 3746; x_wconf 88' lang='lat' dir='ltr'><strong>Hac</strong></span> <span class='ocrx_word' id='word_1_266' title='bbox 837 3682 871 3746; x_wconf 90' lang='lat' dir='ltr'><strong>in</strong></span> <span class='ocrx_word' id='word_1_267' title='bbox 894 3703 928 3745; x_wconf 92' lang='lat' dir='ltr'><strong>re</strong></span> <span class='ocrx_word' id='word_1_268' title='bbox 952 3681 977 3745; x_wconf 91' lang='lat' dir='ltr'><strong>si</strong></span> <span class='ocrx_word' id='word_1_269' title='bbox 1001 3680 1162 3746; x_wconf 83' lang='lat' dir='ltr'><strong>Socratem</strong></span> <span class='ocrx_word' id='word_1_270' title='bbox 1188 3682 1328 3766; x_wconf 87' lang='lat' dir='ltr'><strong>sequaris</strong></span> <span class='ocrx_word' id='word_1_271' title='bbox 1352 3703 1408 3747; x_wconf 90' lang='lat' dir='ltr'><strong>ne-</strong></span> 
     </span>
     <span class='ocr_line' id='line_1_32' title="bbox 216 3787 1410 3873; baseline 0 -21"><span class='ocrx_word' id='word_1_272' title='bbox 216 3787 349 3852; x_wconf 82' lang='lat' dir='ltr'><strong>cessario</strong></span> <span class='ocrx_word' id='word_1_273' title='bbox 382 3809 419 3852; x_wconf 88' lang='lat' dir='ltr'><strong>so</strong></span> <span class='ocrx_word' id='word_1_274' title='bbox 454 3787 620 3872; x_wconf 84' lang='lat' dir='ltr'><strong>pervenias</strong></span> <span class='ocrx_word' id='word_1_275' title='bbox 655 3794 693 3853; x_wconf 91' lang='lat' dir='ltr'><strong>ut</strong></span> <span class='ocrx_word' id='word_1_276' title='bbox 725 3788 760 3852; x_wconf 79' lang='grc' dir='ltr'><strong>τὸ</strong></span> <span class='ocrx_word' id='word_1_277' title='bbox 795 3789 909 3853; x_wconf 71' lang='grc' dir='ltr'><strong><em>δίκαιον</em></strong></span> <span class='ocrx_word' id='word_1_278' title='bbox 943 3807 1069 3871; x_wconf 88' lang='lat' dir='ltr'><strong>quoque</strong></span> <span class='ocrx_word' id='word_1_279' title='bbox 1102 3791 1255 3873; x_wconf 85' lang='lat' dir='ltr'><strong>perpetuo</strong></span> <span class='ocrx_word' id='word_1_280' title='bbox 1292 3789 1410 3852; x_wconf 83' lang='lat' dir='ltr'><strong>mutari</strong></span> 
     </span>
     <span class='ocr_line' id='line_1_33' title="bbox 216 3889 1408 3979; baseline 0.001 -22"><span class='ocrx_word' id='word_1_281' title='bbox 216 3889 302 3958; x_wconf 87' lang='lat' dir='ltr'><strong>dicas</strong></span> <span class='ocrx_word' id='word_1_282' title='bbox 315 3893 361 3976; x_wconf 74' lang='lat'><strong>²),</strong></span> <span class='ocrx_word' id='word_1_283' title='bbox 394 3895 480 3979; x_wconf 91' lang='lat' dir='ltr'><strong>quod</strong></span> <span class='ocrx_word' id='word_1_284' title='bbox 504 3893 583 3958; x_wconf 93' lang='lat' dir='ltr'><strong>mihi</strong></span> <span class='ocrx_word' id='word_1_285' title='bbox 607 3894 710 3958; x_wconf 89' lang='lat' dir='ltr'><strong>multo</strong></span> <span class='ocrx_word' id='word_1_286' title='bbox 735 3895 838 3979; x_wconf 82' lang='lat' dir='ltr'><strong>magis</strong></span> <span class='ocrx_word' id='word_1_287' title='bbox 861 3891 1003 3959; x_wconf 88' lang='lat' dir='ltr'><strong>moribus</strong></span> <span class='ocrx_word' id='word_1_288' title='bbox 1026 3914 1140 3958; x_wconf 88' lang='lat' dir='ltr'><strong>nocere</strong></span> <span class='ocrx_word' id='word_1_289' title='bbox 1164 3893 1290 3958; x_wconf 83' lang='lat' dir='ltr'><strong>videtur</strong></span> <span class='ocrx_word' id='word_1_290' title='bbox 1313 3915 1408 3978; x_wconf 87' lang='lat' dir='ltr'><strong>quam</strong></span> 
     </span>
    </p>
   </div>
   <div class='ocr_carea' id='block_1_5' title="bbox 215 4143 1410 4620">
    <p class='ocr_par' dir='ltr' id='par_1_7' title="bbox 215 4143 1410 4542">
     <span class='ocr_line' id='line_1_34' title="bbox 250 4143 1407 4214; baseline -0.003 -17"><span class='ocrx_word' id='word_1_291' title='bbox 250 4147 278 4214; x_wconf 95' lang='lat'><strong>1)</strong></span> <span class='ocrx_word' id='word_1_292' title='bbox 295 4149 373 4214; x_wconf 68' lang='lat' dir='ltr'><strong>Quem</strong></span> <span class='ocrx_word' id='word_1_293' title='bbox 391 4163 462 4199; x_wconf 89' lang='lat' dir='ltr'><strong>nemo</strong></span> <span class='ocrx_word' id='word_1_294' title='bbox 480 4147 569 4198; x_wconf 83' lang='lat' dir='ltr'><strong>rectius</strong></span> <span class='ocrx_word' id='word_1_295' title='bbox 585 4147 678 4198; x_wconf 85' lang='lat' dir='ltr'><strong>notavit</strong></span> <span class='ocrx_word' id='word_1_296' title='bbox 695 4161 766 4212; x_wconf 85' lang='lat' dir='ltr'><strong>qnam</strong></span> <span class='ocrx_word' id='word_1_297' title='bbox 785 4147 942 4210; x_wconf 71' lang='lat' dir='ltr'><strong>Protagoras,</strong></span> <span class='ocrx_word' id='word_1_298' title='bbox 956 4147 1044 4197; x_wconf 85' lang='lat' dir='ltr'><strong>stultns</strong></span> <span class='ocrx_word' id='word_1_299' title='bbox 1057 4145 1099 4196; x_wconf 86' lang='lat' dir='ltr'><strong>ille</strong></span> <span class='ocrx_word' id='word_1_300' title='bbox 1110 4145 1217 4212; x_wconf 80' lang='lat' dir='ltr'><strong>sophista</strong></span> <span class='ocrx_word' id='word_1_301' title='bbox 1231 4147 1255 4194; x_wconf 84' lang='lat' dir='ltr'><strong>et</strong></span> <span class='ocrx_word' id='word_1_302' title='bbox 1273 4143 1407 4211; x_wconf 86' lang='lat' dir='ltr'><strong>improbos!</strong></span> 
     </span>
     <span class='ocr_line' id='line_1_35' title="bbox 216 4227 1409 4294; baseline 0 -18"><span class='ocrx_word' id='word_1_303' title='bbox 216 4229 278 4278; x_wconf 84' lang='lat' dir='ltr'><strong>Nam</strong></span> <span class='ocrx_word' id='word_1_304' title='bbox 301 4230 422 4280; x_wconf 77' lang='lat' dir='ltr'><strong>Socratem</strong></span> <span class='ocrx_word' id='word_1_305' title='bbox 446 4228 573 4294; x_wconf 89' lang='lat' dir='ltr'><strong>sliqusndo</strong></span> <span class='ocrx_word' id='word_1_306' title='bbox 591 4231 672 4279; x_wconf 83' lang='lat' dir='ltr'><strong>eadem</strong></span> <span class='ocrx_word' id='word_1_307' title='bbox 690 4229 783 4278; x_wconf 84' lang='lat' dir='ltr'><strong>ratione</strong></span> <span class='ocrx_word' id='word_1_308' title='bbox 801 4228 963 4294; x_wconf 82' lang='lat' dir='ltr'><strong>disputantem</strong></span> <span class='ocrx_word' id='word_1_309' title='bbox 980 4229 1052 4294; x_wconf 85' lang='lat' dir='ltr'><strong>(apud</strong></span> <span class='ocrx_word' id='word_1_310' title='bbox 1069 4227 1131 4277; x_wconf 84' lang='lat' dir='ltr'><strong>Pist.</strong></span> <span class='ocrx_word' id='word_1_311' title='bbox 1151 4227 1217 4276; x_wconf 87' lang='lat' dir='ltr'><strong>Prot.</strong></span> <span class='ocrx_word' id='word_1_312' title='bbox 1236 4242 1273 4292; x_wconf 72' lang='lat' dir='ltr'><strong>pp.</strong></span> <span class='ocrx_word' id='word_1_313' title='bbox 1292 4227 1354 4291; x_wconf 82' lang='lat'>881)</span> <span class='ocrx_word' id='word_1_314' title='bbox 1372 4227 1409 4276; x_wconf 89' lang='lat' dir='ltr'><strong>his</strong></span> 
     </span>
     <span class='ocr_line' id='line_1_36' title="bbox 215 4305 1410 4374; baseline 0.001 -15"><span class='ocrx_word' id='word_1_315' title='bbox 215 4309 293 4360; x_wconf 84' lang='lat' dir='ltr'><strong>serbis</strong></span> <span class='ocrx_word' id='word_1_316' title='bbox 317 4311 419 4362; x_wconf 69' lang='lat' dir='ltr'><strong>refutata</strong></span> <span class='ocrx_word' id='word_1_317' title='bbox 444 4308 506 4373; x_wconf 70' lang='grc' dir='ltr'><strong>οὐχὶ</strong></span> <span class='ocrx_word' id='word_1_318' title='bbox 531 4311 566 4360; x_wconf 64' lang='grc' dir='ltr'><strong>τὰ</strong></span> <span class='ocrx_word' id='word_1_319' title='bbox 593 4310 676 4372; x_wconf 65' lang='grc' dir='ltr'><strong><em>ὅμοιόν</em></strong></span> <span class='ocrx_word' id='word_1_320' title='bbox 699 4326 725 4359; x_wconf 87' lang='grc' dir='ltr'><strong>τι</strong></span> <span class='ocrx_word' id='word_1_321' title='bbox 746 4308 844 4372; x_wconf 64' lang='grc' dir='ltr'><strong>’έχοντα</strong></span> <span class='ocrx_word' id='word_1_322' title='bbox 862 4308 935 4370; x_wconf 67' lang='lat' dir='ltr'><strong>tasas</strong></span> <span class='ocrx_word' id='word_1_323' title='bbox 954 4305 1046 4358; x_wconf 70' lang='grc' dir='ltr'><strong><em>δίκαιον</em></strong></span> <span class='ocrx_word' id='word_1_324' title='bbox 1062 4309 1154 4358; x_wconf 67' lang='lat' dir='ltr'><strong>mma.</strong></span> <span class='ocrx_word' id='word_1_325' title='bbox 1180 4308 1285 4358; x_wconf 81' lang='lat' dir='ltr'><strong>Socratis</strong></span> <span class='ocrx_word' id='word_1_326' title='bbox 1302 4309 1410 4374; x_wconf 84' lang='lat' dir='ltr'><strong>dispota-</strong></span> 
     </span>
     <span class='ocr_line' id='line_1_37' title="bbox 215 4390 1409 4458; baseline 0.002 -18"><span class='ocrx_word' id='word_1_327' title='bbox 215 4392 291 4442; x_wconf 87' lang='lat' dir='ltr'><strong>ta&#39;oass</strong></span> <span class='ocrx_word' id='word_1_328' title='bbox 307 4394 370 4458; x_wconf 84' lang='lat' dir='ltr'><strong>apud</strong></span> <span class='ocrx_word' id='word_1_329' title='bbox 390 4393 516 4443; x_wconf 85' lang='lat' dir='ltr'><strong>Platonem</strong></span> <span class='ocrx_word' id='word_1_330' title='bbox 533 4395 625 4442; x_wconf 71' lang='lat' dir='ltr'><strong>metent</strong></span> <span class='ocrx_word' id='word_1_331' title='bbox 641 4391 729 4442; x_wconf 82' lang='lat' dir='ltr'><strong>tatibus</strong></span> <span class='ocrx_word' id='word_1_332' title='bbox 745 4391 881 4451; x_wconf 85' lang='lat' dir='ltr'><strong>erroribus,</strong></span> <span class='ocrx_word' id='word_1_333' title='bbox 899 4407 1002 4456; x_wconf 83' lang='lat' dir='ltr'><strong>quorum</strong></span> <span class='ocrx_word' id='word_1_334' title='bbox 1018 4407 1133 4456; x_wconf 64' lang='lat' dir='ltr'><strong>somnam</strong></span> <span class='ocrx_word' id='word_1_335' title='bbox 1147 4391 1224 4440; x_wconf 87' lang='lat' dir='ltr'><strong>adhue</strong></span> <span class='ocrx_word' id='word_1_336' title='bbox 1238 4390 1319 4442; x_wconf 84' lang='lat' dir='ltr'><strong>iassai</strong></span> <span class='ocrx_word' id='word_1_337' title='bbox 1334 4391 1409 4458; x_wconf 80' lang='lat' dir='ltr'><strong>expli·</strong></span> 
     </span>
     <span class='ocr_line' id='line_1_38' title="bbox 215 4472 1408 4542; baseline 0 -18"><span class='ocrx_word' id='word_1_338' title='bbox 215 4473 331 4526; x_wconf 84' lang='lat' dir='ltr'><strong>eatieaem</strong></span> <span class='ocrx_word' id='word_1_339' title='bbox 347 4475 408 4524; x_wconf 86' lang='lat' dir='ltr'><strong>mihi</strong></span> <span class='ocrx_word' id='word_1_340' title='bbox 425 4473 580 4542; x_wconf 82' lang='lat' dir='ltr'><strong>probabilem.</strong></span> <span class='ocrx_word' id='word_1_341' title='bbox 598 4476 665 4539; x_wconf 76' lang='lat' dir='ltr'><strong>Quas</strong></span> <span class='ocrx_word' id='word_1_342' title='bbox 682 4472 816 4523; x_wconf 83' lang='lat' dir='ltr'><strong>Stellheam</strong></span> <span class='ocrx_word' id='word_1_343' title='bbox 831 4478 946 4523; x_wconf 82' lang='lat' dir='ltr'><strong>mnotsrs</strong></span> <span class='ocrx_word' id='word_1_344' title='bbox 960 4472 1021 4523; x_wconf 89' lang='lat' dir='ltr'><strong>solet</strong></span> <span class='ocrx_word' id='word_1_345' title='bbox 1030 4487 1104 4538; x_wconf 89' lang='lat' dir='ltr'><strong>prope</strong></span> <span class='ocrx_word' id='word_1_346' title='bbox 1112 4487 1223 4522; x_wconf 67' lang='lat' dir='ltr'><strong>usuum</strong></span> <span class='ocrx_word' id='word_1_347' title='bbox 1231 4473 1293 4524; x_wconf 86' lang='lat' dir='ltr'><strong>mihi</strong></span> <span class='ocrx_word' id='word_1_348' title='bbox 1301 4478 1408 4526; x_wconf 73' lang='lat' dir='ltr'><strong>mosam.</strong></span> 
     </span>
    </p>

    <p class='ocr_par' dir='ltr' id='par_1_8' title="bbox 248 4553 1407 4620">
     <span class='ocr_line' id='line_1_39' title="bbox 248 4553 1407 4620; baseline 0 -14"><span class='ocrx_word' id='word_1_349' title='bbox 248 4557 277 4620; x_wconf 62' lang='grc' dir='ltr'><strong>ὓ)</strong></span> <span class='ocrx_word' id='word_1_350' title='bbox 296 4556 434 4606; x_wconf 78' lang='lat' dir='ltr'><strong>Notandum</strong></span> <span class='ocrx_word' id='word_1_351' title='bbox 457 4561 492 4606; x_wconf 88' lang='lat' dir='ltr'><strong>est</strong></span> <span class='ocrx_word' id='word_1_352' title='bbox 511 4555 536 4606; x_wconf 86' lang='lat' dir='ltr'><strong>io</strong></span> <span class='ocrx_word' id='word_1_353' title='bbox 553 4555 613 4620; x_wconf 85' lang='lat' dir='ltr'><strong>Rep.</strong></span> <span class='ocrx_word' id='word_1_354' title='bbox 631 4555 739 4607; x_wconf 86' lang='lat' dir='ltr'><strong>Platonis</strong></span> <span class='ocrx_word' id='word_1_355' title='bbox 755 4555 780 4619; x_wconf 88' lang='lat'><strong>(1</strong></span> <span class='ocrx_word' id='word_1_356' title='bbox 800 4571 838 4620; x_wconf 68' lang='lat' dir='ltr'><strong>pp.</strong></span> <span class='ocrx_word' id='word_1_357' title='bbox 856 4556 905 4606; x_wconf 78' lang='lat'><strong>888</strong></span> <span class='ocrx_word' id='word_1_358' title='bbox 917 4557 936 4604; x_wconf 83' lang='grc'><strong>1)</strong></span> <span class='ocrx_word' id='word_1_359' title='bbox 954 4553 1001 4618; x_wconf 84' lang='lat' dir='ltr'><strong>aq.)</strong></span> <span class='ocrx_word' id='word_1_360' title='bbox 1021 4554 1235 4618; x_wconf 75' lang='lat' dir='ltr'><strong>Thrasymachum,</strong></span> <span class='ocrx_word' id='word_1_361' title='bbox 1254 4561 1281 4607; x_wconf 87' lang='lat' dir='ltr'><strong>ut</strong></span> <span class='ocrx_word' id='word_1_362' title='bbox 1297 4557 1407 4608; x_wconf 77' lang='lat' dir='ltr'><strong>dnmdat</strong></span> 
     </span>
    </p>
   </div>
   <div class='ocr_carea' id='block_1_6' title="bbox 0 0 1716 5362">
    <p class='ocr_par' dir='ltr' id='par_1_9' title="bbox 0 0 1716 5362">
     <span class='ocr_line' id='line_1_40' title="bbox 0 0 1716 5362; baseline 0 3"><span class='ocrx_word' id='word_1_363' title='bbox 0 0 1716 5362; x_wconf 95' lang='lat' dir='ltr'><strong> </strong></span> 
     </span>
    </p>
   </div>
  </div>
 </body>
</html>
