<?xml version="1.0" encoding="UTF-8"?>
<!DOCTYPE html PUBLIC "-//W3C//DTD XHTML 1.0 Transitional//EN"
    "http://www.w3.org/TR/xhtml1/DTD/xhtml1-transitional.dtd">
<html xmlns="http://www.w3.org/1999/xhtml" xml:lang="en" lang="en">
 <head>
  <title>
</title>
<meta http-equiv="Content-Type" content="text/html;charset=utf-8" />
  <meta name='ocr-system' content='tesseract 3.04.00' />
  <meta name='ocr-capabilities' content='ocr_page ocr_carea ocr_par ocr_line ocrx_word'/>
</head>
<body>
  <div class='ocr_page' id='page_1' title='image "./commentatiodeeu00berlgoog_0217.png"; bbox 0 0 3422 5362; ppageno 0'>
   <div class='ocr_carea' id='block_1_1' title="bbox 302 587 1494 1121">
    <p class='ocr_par' dir='ltr' id='par_1_1' title="bbox 302 587 1494 1121">
     <span class='ocr_line' id='line_1_1' title="bbox 302 587 1489 695; baseline 0 -23"><span class='ocrx_word' id='word_1_1' title='bbox 302 587 511 693; x_wconf 76' lang='lat' dir='ltr'><strong>plurimorum</strong></span> <span class='ocrx_word' id='word_1_2' title='bbox 541 613 756 688; x_wconf 88' lang='lat' dir='ltr'><strong>mortuorum,</strong></span> <span class='ocrx_word' id='word_1_3' title='bbox 785 630 864 695; x_wconf 90' lang='lat' dir='ltr'><strong>quos</strong></span> <span class='ocrx_word' id='word_1_4' title='bbox 886 630 943 673; x_wconf 89' lang='lat' dir='ltr'><strong>sua</strong></span> <span class='ocrx_word' id='word_1_5' title='bbox 966 629 1061 673; x_wconf 88' lang='lat' dir='ltr'><strong>causa</strong></span> <span class='ocrx_word' id='word_1_6' title='bbox 1083 607 1241 692; x_wconf 89' lang='lat' dir='ltr'><strong>acceperit</strong></span> <span class='ocrx_word' id='word_1_7' title='bbox 1266 605 1351 691; x_wconf 90' lang='lat' dir='ltr'><strong>(Hel.</strong></span> <span class='ocrx_word' id='word_1_8' title='bbox 1378 605 1489 672; x_wconf 87' lang='grc'>961-</span> 
     </span>
     <span class='ocr_line' id='line_1_2' title="bbox 304 713 1491 801; baseline -0.002 -22"><span class='ocrx_word' id='word_1_9' title='bbox 304 716 394 800; x_wconf 81' lang='grc'><strong>974).</strong></span> <span class='ocrx_word' id='word_1_10' title='bbox 419 715 544 782; x_wconf 90' lang='lat' dir='ltr'><strong>Pariter</strong></span> <span class='ocrx_word' id='word_1_11' title='bbox 567 714 692 782; x_wconf 87' lang='lat' dir='ltr'><strong>Orestes</strong></span> <span class='ocrx_word' id='word_1_12' title='bbox 715 719 748 780; x_wconf 90' lang='lat' dir='ltr'><strong>et</strong></span> <span class='ocrx_word' id='word_1_13' title='bbox 769 715 898 781; x_wconf 77' lang='lat' dir='ltr'><strong>Electra</strong></span> <span class='ocrx_word' id='word_1_14' title='bbox 920 720 1044 801; x_wconf 87' lang='lat' dir='ltr'><strong>patrem</strong></span> <span class='ocrx_word' id='word_1_15' title='bbox 1067 717 1229 779; x_wconf 89' lang='lat' dir='ltr'><strong>mortuum</strong></span> <span class='ocrx_word' id='word_1_16' title='bbox 1252 714 1407 778; x_wconf 83' lang='lat' dir='ltr'><strong>invocant</strong></span> <span class='ocrx_word' id='word_1_17' title='bbox 1426 713 1491 798; x_wconf 78' lang='lat' dir='ltr'><strong>(nl.</strong></span> 
     </span>
     <span class='ocr_line' id='line_1_3' title="bbox 304 818 1493 908; baseline -0.001 -23"><span class='ocrx_word' id='word_1_18' title='bbox 304 821 513 908; x_wconf 81' lang='lat'><strong>677-684),</strong></span> <span class='ocrx_word' id='word_1_19' title='bbox 534 822 732 908; x_wconf 83' lang='lat' dir='ltr'><strong>Eurystheus</strong></span> <span class='ocrx_word' id='word_1_20' title='bbox 754 822 896 908; x_wconf 87' lang='lat' dir='ltr'><strong>sepultas</strong></span> <span class='ocrx_word' id='word_1_21' title='bbox 915 821 1166 886; x_wconf 73' lang='lat' dir='ltr'><strong>Atheniensibus</strong></span> <span class='ocrx_word' id='word_1_22' title='bbox 1185 820 1307 885; x_wconf 84' lang='lat' dir='ltr'><strong>favebit</strong></span> <span class='ocrx_word' id='word_1_23' title='bbox 1319 818 1493 905; x_wconf 88' lang='lat' dir='ltr'><strong>(Heraclid.</strong></span> 
     </span>
     <span class='ocr_line' id='line_1_4' title="bbox 307 925 1493 1014; baseline -0.003 -20"><span class='ocrx_word' id='word_1_24' title='bbox 307 928 561 1014; x_wconf 83' lang='lat'>1026-1037);</span> <span class='ocrx_word' id='word_1_25' title='bbox 591 929 744 995; x_wconf 84' lang='lat' dir='ltr'><strong>Hercules</strong></span> <span class='ocrx_word' id='word_1_26' title='bbox 767 952 786 994; x_wconf 90' lang='lat' dir='ltr'><strong>a</strong></span> <span class='ocrx_word' id='word_1_27' title='bbox 808 929 867 993; x_wconf 94' lang='lat' dir='ltr'><strong>diis</strong></span> <span class='ocrx_word' id='word_1_28' title='bbox 900 926 1036 1013; x_wconf 77' lang='lat' dir='ltr'><strong>Olympo</strong></span> <span class='ocrx_word' id='word_1_29' title='bbox 1068 930 1211 1012; x_wconf 91' lang='lat' dir='ltr'><strong>receptus</strong></span> <span class='ocrx_word' id='word_1_30' title='bbox 1245 930 1295 992; x_wconf 86' lang='lat' dir='ltr'><strong>est</strong></span> <span class='ocrx_word' id='word_1_31' title='bbox 1316 925 1493 1012; x_wconf 85' lang='lat' dir='ltr'><strong>(Heraclid.</strong></span> 
     </span>
     <span class='ocr_line' id='line_1_5' title="bbox 305 1034 1494 1121; baseline 0.002 -24"><span class='ocrx_word' id='word_1_32' title='bbox 305 1034 369 1097; x_wconf 84' lang='lat'><strong>910</strong></span> <span class='ocrx_word' id='word_1_33' title='bbox 401 1035 479 1119; x_wconf 81' lang='lat' dir='ltr'><strong>sq),</strong></span> <span class='ocrx_word' id='word_1_34' title='bbox 517 1034 636 1121; x_wconf 82' lang='lat' dir='ltr'>Apollo</span> <span class='ocrx_word' id='word_1_35' title='bbox 666 1035 824 1101; x_wconf 81' lang='lat' dir='ltr'><strong>Helenam</strong></span> <span class='ocrx_word' id='word_1_36' title='bbox 860 1035 930 1100; x_wconf 90' lang='lat' dir='ltr'><strong>neci</strong></span> <span class='ocrx_word' id='word_1_37' title='bbox 960 1039 1112 1118; x_wconf 51' lang='lat' dir='ltr'><strong>ereptam¹</strong></span> <span class='ocrx_word' id='word_1_38' title='bbox 1129 1034 1164 1099; x_wconf 91' lang='lat' dir='ltr'><strong>in</strong></span> <span class='ocrx_word' id='word_1_39' title='bbox 1188 1035 1318 1099; x_wconf 91' lang='lat' dir='ltr'><strong>deorum</strong></span> <span class='ocrx_word' id='word_1_40' title='bbox 1342 1034 1494 1100; x_wconf 89' lang='lat' dir='ltr'><strong>societate</strong></span> 
     </span>
    </p>
   </div>
   <div class='ocr_carea' id='block_1_2' title="bbox 303 1139 1494 1334">
    <p class='ocr_par' dir='ltr' id='par_1_2' title="bbox 303 1139 1494 1334">
     <span class='ocr_line' id='line_1_6' title="bbox 304 1139 1494 1226; baseline 0.002 -23"><span class='ocrx_word' id='word_1_41' title='bbox 304 1139 456 1218; x_wconf 87' lang='lat' dir='ltr'><strong>collocat,</strong></span> <span class='ocrx_word' id='word_1_42' title='bbox 481 1162 547 1206; x_wconf 91' lang='lat' dir='ltr'><strong>non</strong></span> <span class='ocrx_word' id='word_1_43' title='bbox 572 1143 718 1207; x_wconf 79' lang='lat' dir='ltr'><strong>videlicet</strong></span> <span class='ocrx_word' id='word_1_44' title='bbox 740 1145 777 1206; x_wconf 91' lang='lat' dir='ltr'><strong>ut</strong></span> <span class='ocrx_word' id='word_1_45' title='bbox 800 1142 930 1207; x_wconf 80' lang='lat' dir='ltr'><strong>virtutis</strong></span> <span class='ocrx_word' id='word_1_46' title='bbox 954 1142 1128 1226; x_wconf 86' lang='lat' dir='ltr'><strong>praemium</strong></span> <span class='ocrx_word' id='word_1_47' title='bbox 1148 1142 1177 1206; x_wconf 92' lang='lat' dir='ltr'><strong>ei</strong></span> <span class='ocrx_word' id='word_1_48' title='bbox 1197 1144 1310 1224; x_wconf 88' lang='lat' dir='ltr'><strong>donet,</strong></span> <span class='ocrx_word' id='word_1_49' title='bbox 1332 1141 1386 1206; x_wconf 90' lang='lat' dir='ltr'><strong>sed</strong></span> <span class='ocrx_word' id='word_1_50' title='bbox 1406 1142 1494 1225; x_wconf 90' lang='lat' dir='ltr'><strong>quod</strong></span> 
     </span>
     <span class='ocr_line' id='line_1_7' title="bbox 303 1243 1494 1334; baseline -0.002 -22"><span class='ocrx_word' id='word_1_51' title='bbox 303 1243 393 1312; x_wconf 83' lang='lat' dir='ltr'><strong>Jovis</strong></span> <span class='ocrx_word' id='word_1_52' title='bbox 424 1247 466 1310; x_wconf 93' lang='lat' dir='ltr'><strong>sit</strong></span> <span class='ocrx_word' id='word_1_53' title='bbox 494 1246 561 1312; x_wconf 91' lang='lat' dir='ltr'><strong>filia</strong></span> <span class='ocrx_word' id='word_1_54' title='bbox 592 1247 660 1333; x_wconf 89' lang='lat' dir='ltr'><strong>(Or.</strong></span> <span class='ocrx_word' id='word_1_55' title='bbox 692 1245 978 1334; x_wconf 81' lang='lat'><strong>1629-1637)1).</strong></span> <span class='ocrx_word' id='word_1_56' title='bbox 1013 1247 1155 1312; x_wconf 90' lang='lat' dir='ltr'><strong>Achilles</strong></span> <span class='ocrx_word' id='word_1_57' title='bbox 1186 1251 1259 1332; x_wconf 92' lang='lat' dir='ltr'><strong>post</strong></span> <span class='ocrx_word' id='word_1_58' title='bbox 1292 1249 1424 1311; x_wconf 85' lang='lat' dir='ltr'><strong>mortem</strong></span> <span class='ocrx_word' id='word_1_59' title='bbox 1458 1246 1494 1310; x_wconf 90' lang='lat' dir='ltr'><strong>iu</strong></span> 
     </span>
    </p>
   </div>
   <div class='ocr_carea' id='block_1_3' title="bbox 182 1352 1494 1450">
    <p class='ocr_par' dir='ltr' id='par_1_3' title="bbox 182 1352 1494 1450">
     <span class='ocr_line' id='line_1_8' title="bbox 182 1352 1494 1450; baseline 0.001 -35"><span class='ocrx_word' id='word_1_60' title='bbox 182 1446 184 1450; x_wconf 23' lang='grc' dir='ltr'>Ι</span> <span class='ocrx_word' id='word_1_61' title='bbox 303 1352 409 1416; x_wconf 90' lang='lat' dir='ltr'><strong>insula</strong></span> <span class='ocrx_word' id='word_1_62' title='bbox 439 1352 542 1419; x_wconf 89' lang='lat' dir='ltr'><strong>Leuce</strong></span> <span class='ocrx_word' id='word_1_63' title='bbox 572 1354 697 1419; x_wconf 87' lang='lat' dir='ltr'><strong>habitat</strong></span> <span class='ocrx_word' id='word_1_64' title='bbox 724 1353 953 1434; x_wconf 79' lang='lat' dir='ltr'><strong>(Andromach.</strong></span> <span class='ocrx_word' id='word_1_65' title='bbox 979 1355 1065 1419; x_wconf 83' lang='lat'>1260</span> <span class='ocrx_word' id='word_1_66' title='bbox 1089 1355 1183 1439; x_wconf 85' lang='lat' dir='ltr'><strong>sqq).</strong></span> <span class='ocrx_word' id='word_1_67' title='bbox 1209 1353 1315 1418; x_wconf 91' lang='lat' dir='ltr'><strong>Variis</strong></span> <span class='ocrx_word' id='word_1_68' title='bbox 1338 1353 1415 1418; x_wconf 90' lang='lat' dir='ltr'><strong>locis</strong></span> <span class='ocrx_word' id='word_1_69' title='bbox 1438 1352 1494 1417; x_wconf 93' lang='lat' dir='ltr'><strong>ob·</strong></span> 
     </span>
    </p>
   </div>
   <div class='ocr_carea' id='block_1_4' title="bbox 301 1457 1565 4238">
    <p class='ocr_par' dir='ltr' id='par_1_4' title="bbox 303 1457 1496 1759">
     <span class='ocr_line' id='line_1_9' title="bbox 304 1457 1494 1545; baseline 0.001 -24"><span class='ocrx_word' id='word_1_70' title='bbox 304 1459 498 1524; x_wconf 81' lang='lat' dir='ltr'><strong>servavimus</strong></span> <span class='ocrx_word' id='word_1_71' title='bbox 521 1482 593 1524; x_wconf 92' lang='lat' dir='ltr'><strong>eum</strong></span> <span class='ocrx_word' id='word_1_72' title='bbox 616 1482 710 1545; x_wconf 90' lang='lat' dir='ltr'><strong>saepe</strong></span> <span class='ocrx_word' id='word_1_73' title='bbox 733 1461 884 1545; x_wconf 84' lang='lat' dir='ltr'><strong>mysteria</strong></span> <span class='ocrx_word' id='word_1_74' title='bbox 907 1461 1076 1545; x_wconf 84' lang='lat' dir='ltr'><strong>respicere3</strong></span> <span class='ocrx_word' id='word_1_75' title='bbox 1102 1461 1147 1525; x_wconf 89' lang='lat' dir='ltr'><strong>sic</strong></span> <span class='ocrx_word' id='word_1_76' title='bbox 1167 1459 1320 1524; x_wconf 88' lang='lat' dir='ltr'><strong>Hercules</strong></span> <span class='ocrx_word' id='word_1_77' title='bbox 1333 1481 1372 1524; x_wconf 86' lang='lat' dir='ltr'><strong>ex</strong></span> <span class='ocrx_word' id='word_1_78' title='bbox 1383 1457 1494 1522; x_wconf 89' lang='lat' dir='ltr'><strong>inferis</strong></span> 
     </span>
     <span class='ocr_line' id='line_1_10' title="bbox 303 1566 1496 1652; baseline 0.003 -25"><span class='ocrx_word' id='word_1_79' title='bbox 303 1585 447 1630; x_wconf 85' lang='lat' dir='ltr'><strong>reversus</strong></span> <span class='ocrx_word' id='word_1_80' title='bbox 479 1567 589 1631; x_wconf 82' lang='lat' dir='ltr'><strong>statim</strong></span> <span class='ocrx_word' id='word_1_81' title='bbox 621 1571 732 1632; x_wconf 91' lang='lat' dir='ltr'><strong>narrat</strong></span> <span class='ocrx_word' id='word_1_82' title='bbox 763 1567 823 1631; x_wconf 92' lang='lat' dir='ltr'><strong>sibi</strong></span> <span class='ocrx_word' id='word_1_83' title='bbox 854 1567 1024 1652; x_wconf 68' lang='lat' dir='ltr'><strong>contigisse</strong></span> <span class='ocrx_word' id='word_1_84' title='bbox 1056 1570 1093 1631; x_wconf 92' lang='lat' dir='ltr'><strong>ut</strong></span> <span class='ocrx_word' id='word_1_85' title='bbox 1113 1567 1159 1631; x_wconf 92' lang='lat' dir='ltr'><strong>ibi</strong></span> <span class='ocrx_word' id='word_1_86' title='bbox 1182 1566 1381 1631; x_wconf 87' lang='lat' dir='ltr'><strong>initiatorum</strong></span> <span class='ocrx_word' id='word_1_87' title='bbox 1405 1566 1496 1651; x_wconf 83' lang='lat' dir='ltr'><strong>orgia</strong></span> 
     </span>
     <span class='ocr_line' id='line_1_11' title="bbox 303 1671 903 1759; baseline 0.01 -25"><span class='ocrx_word' id='word_1_88' title='bbox 303 1671 572 1755; x_wconf 79' lang='lat' dir='ltr'><strong>contemplaretur</strong></span> <span class='ocrx_word' id='word_1_89' title='bbox 596 1671 704 1759; x_wconf 88' lang='lat' dir='ltr'><strong>(Herc.</strong></span> <span class='ocrx_word' id='word_1_90' title='bbox 728 1673 789 1737; x_wconf 88' lang='lat' dir='ltr'><strong>fur.</strong></span> <span class='ocrx_word' id='word_1_91' title='bbox 814 1675 903 1759; x_wconf 81' lang='lat'><strong>613).</strong></span> 
     </span>
    </p>

    <p class='ocr_par' dir='ltr' id='par_1_5' title="bbox 302 1777 1495 2717">
     <span class='ocr_line' id='line_1_12' title="bbox 347 1777 1495 1866; baseline 0 -24"><span class='ocrx_word' id='word_1_92' title='bbox 347 1777 369 1842; x_wconf 94' lang='lat' dir='ltr'><strong>J</strong></span> <span class='ocrx_word' id='word_1_93' title='bbox 372 1778 509 1843; x_wconf 85' lang='lat' dir='ltr'><strong>odicium</strong></span> <span class='ocrx_word' id='word_1_94' title='bbox 533 1780 753 1844; x_wconf 83' lang='lat' dir='ltr'><strong>universorum</strong></span> <span class='ocrx_word' id='word_1_95' title='bbox 777 1784 976 1844; x_wconf 88' lang='lat' dir='ltr'><strong>mortuorum</strong></span> <span class='ocrx_word' id='word_1_96' title='bbox 1001 1781 1086 1859; x_wconf 89' lang='lat' dir='ltr'><strong>fieri,</strong></span> <span class='ocrx_word' id='word_1_97' title='bbox 1106 1802 1169 1866; x_wconf 92' lang='lat' dir='ltr'><strong>quo</strong></span> <span class='ocrx_word' id='word_1_98' title='bbox 1190 1781 1266 1845; x_wconf 89' lang='lat' dir='ltr'><strong>mali</strong></span> <span class='ocrx_word' id='word_1_99' title='bbox 1278 1780 1414 1846; x_wconf 89' lang='lat' dir='ltr'><strong>aeternis</strong></span> <span class='ocrx_word' id='word_1_100' title='bbox 1428 1777 1495 1842; x_wconf 86' lang='lat' dir='ltr'><strong>affi-</strong></span> 
     </span>
     <span class='ocr_line' id='line_1_13' title="bbox 302 1883 1495 1972; baseline 0.003 -25"><span class='ocrx_word' id='word_1_101' title='bbox 302 1883 430 1948; x_wconf 90' lang='lat' dir='ltr'><strong>ciantur</strong></span> <span class='ocrx_word' id='word_1_102' title='bbox 450 1886 631 1969; x_wconf 87' lang='lat' dir='ltr'><strong>suppliciis,</strong></span> <span class='ocrx_word' id='word_1_103' title='bbox 644 1886 721 1951; x_wconf 91' lang='lat' dir='ltr'><strong>boni</strong></span> <span class='ocrx_word' id='word_1_104' title='bbox 732 1908 806 1952; x_wconf 85' lang='lat' dir='ltr'><strong>vero</strong></span> <span class='ocrx_word' id='word_1_105' title='bbox 819 1890 972 1972; x_wconf 89' lang='lat' dir='ltr'><strong>perpetua</strong></span> <span class='ocrx_word' id='word_1_106' title='bbox 983 1887 1134 1953; x_wconf 86' lang='lat' dir='ltr'><strong>felicitate</strong></span> <span class='ocrx_word' id='word_1_107' title='bbox 1146 1888 1323 1967; x_wconf 84' lang='lat' dir='ltr'><strong>donentur,</strong></span> <span class='ocrx_word' id='word_1_108' title='bbox 1336 1907 1495 1970; x_wconf 85' lang='lat' dir='ltr'><strong>nusquam</strong></span> 
     </span>
     <span class='ocr_line' id='line_1_14' title="bbox 303 1990 1493 2079; baseline 0.002 -25"><span class='ocrx_word' id='word_1_109' title='bbox 303 1990 420 2058; x_wconf 91' lang='lat' dir='ltr'><strong>docuit.</strong></span> <span class='ocrx_word' id='word_1_110' title='bbox 455 1990 639 2077; x_wconf 84' lang='lat' dir='ltr'><strong>Aliquando</strong></span> <span class='ocrx_word' id='word_1_111' title='bbox 670 1997 779 2058; x_wconf 86' lang='lat' dir='ltr'><strong>tamen</strong></span> <span class='ocrx_word' id='word_1_112' title='bbox 800 1994 837 2057; x_wconf 87' lang='lat' dir='ltr'><strong>iu</strong></span> <span class='ocrx_word' id='word_1_113' title='bbox 857 1997 959 2059; x_wconf 87' lang='lat' dir='ltr'><strong>morte</strong></span> <span class='ocrx_word' id='word_1_114' title='bbox 979 2015 1104 2077; x_wconf 90' lang='lat' dir='ltr'><strong>eorum,</strong></span> <span class='ocrx_word' id='word_1_115' title='bbox 1125 1995 1182 2079; x_wconf 88' lang='lat' dir='ltr'><strong>qui</strong></span> <span class='ocrx_word' id='word_1_116' title='bbox 1199 1995 1317 2059; x_wconf 88' lang='lat' dir='ltr'><strong>virtute</strong></span> <span class='ocrx_word' id='word_1_117' title='bbox 1338 1992 1493 2059; x_wconf 84' lang='lat' dir='ltr'><strong>excellue-</strong></span> 
     </span>
     <span class='ocr_line' id='line_1_15' title="bbox 303 2097 1491 2173; baseline 0.003 -13"><span class='ocrx_word' id='word_1_118' title='bbox 303 2099 393 2173; x_wconf 87' lang='lat' dir='ltr'><strong>runt,</strong></span> <span class='ocrx_word' id='word_1_119' title='bbox 426 2097 551 2162; x_wconf 91' lang='lat' dir='ltr'><strong>credere</strong></span> <span class='ocrx_word' id='word_1_120' title='bbox 582 2103 706 2164; x_wconf 88' lang='lat' dir='ltr'><strong>recusat</strong></span> <span class='ocrx_word' id='word_1_121' title='bbox 736 2122 789 2165; x_wconf 91' lang='lat' dir='ltr'><strong>eos</strong></span> <span class='ocrx_word' id='word_1_122' title='bbox 821 2101 974 2166; x_wconf 82' lang='lat' dir='ltr'><strong>aectoris</strong></span> <span class='ocrx_word' id='word_1_123' title='bbox 996 2101 1085 2165; x_wconf 91' lang='lat' dir='ltr'><strong>nulla</strong></span> <span class='ocrx_word' id='word_1_124' title='bbox 1104 2123 1138 2166; x_wconf 91' lang='lat' dir='ltr'><strong>re</strong></span> <span class='ocrx_word' id='word_1_125' title='bbox 1159 2101 1345 2166; x_wconf 83' lang='lat' dir='ltr'><strong>distinctum</strong></span> <span class='ocrx_word' id='word_1_126' title='bbox 1364 2101 1413 2164; x_wconf 89' lang='lat' dir='ltr'><strong>iri.</strong></span> <span class='ocrx_word' id='word_1_127' title='bbox 1439 2099 1491 2166; x_wconf 82' lang='lat' dir='ltr'><strong>Sic</strong></span> 
     </span>
     <span class='ocr_line' id='line_1_16' title="bbox 302 2201 1493 2312; baseline 0.005 -47"><span class='ocrx_word' id='word_1_128' title='bbox 302 2202 337 2266; x_wconf 91' lang='lat' dir='ltr'><strong>in</strong></span> <span class='ocrx_word' id='word_1_129' title='bbox 369 2201 529 2268; x_wconf 88' lang='lat' dir='ltr'><strong>Alcestide</strong></span> <span class='ocrx_word' id='word_1_130' title='bbox 560 2205 674 2270; x_wconf 87' lang='lat' dir='ltr'><strong>chorus</strong></span> <span class='ocrx_word' id='word_1_131' title='bbox 704 2207 843 2312; x_wconf 80' lang='lat' dir='ltr'><strong>primupr</strong></span> <span class='ocrx_word' id='word_1_132' title='bbox 867 2206 1051 2272; x_wconf 86' lang='lat' dir='ltr'><strong>dubitanter</strong></span> <span class='ocrx_word' id='word_1_133' title='bbox 1074 2213 1167 2292; x_wconf 86' lang='lat' dir='ltr'><strong>optat</strong></span> <span class='ocrx_word' id='word_1_134' title='bbox 1189 2211 1226 2273; x_wconf 91' lang='lat' dir='ltr'><strong>ut</strong></span> <span class='ocrx_word' id='word_1_135' title='bbox 1248 2229 1329 2272; x_wconf 86' lang='lat' dir='ltr'><strong>uxor</strong></span> <span class='ocrx_word' id='word_1_136' title='bbox 1352 2207 1493 2291; x_wconf 89' lang='lat' dir='ltr'><strong>optima,</strong></span> 
     </span>
     <span class='ocr_line' id='line_1_17' title="bbox 303 2308 1495 2399; baseline 0.005 -27"><span class='ocrx_word' id='word_1_137' title='bbox 303 2311 328 2372; x_wconf 80' lang='grc' dir='ltr'><strong>εἷ</strong></span> <span class='ocrx_word' id='word_1_138' title='bbox 352 2308 385 2373; x_wconf 76' lang='grc' dir='ltr'><strong>δέ</strong></span> <span class='ocrx_word' id='word_1_139' title='bbox 409 2333 438 2374; x_wconf 79' lang='grc' dir='ltr'><strong>τι</strong></span> <span class='ocrx_word' id='word_1_140' title='bbox 463 2313 555 2375; x_wconf 62' lang='grc' dir='ltr'><strong>κάκεῖ</strong></span> <span class='ocrx_word' id='word_1_141' title='bbox 576 2311 669 2378; x_wconf 74' lang='grc' dir='ltr'><em>πλέον</em></span> <span class='ocrx_word' id='word_1_142' title='bbox 693 2311 759 2378; x_wconf 79' lang='grc' dir='ltr'>ἔστ’</span> <span class='ocrx_word' id='word_1_143' title='bbox 783 2315 930 2392; x_wconf 62' lang='grc' dir='ltr'><strong>ἀγαθοῖς,</strong></span> <span class='ocrx_word' id='word_1_144' title='bbox 955 2314 1068 2378; x_wconf 89' lang='lat' dir='ltr'><strong>harum</strong></span> <span class='ocrx_word' id='word_1_145' title='bbox 1092 2337 1197 2379; x_wconf 87' lang='lat' dir='ltr'><strong>rerum</strong></span> <span class='ocrx_word' id='word_1_146' title='bbox 1220 2314 1379 2399; x_wconf 85' lang='lat' dir='ltr'><strong>particeps</strong></span> <span class='ocrx_word' id='word_1_147' title='bbox 1399 2315 1495 2398; x_wconf 84' lang='lat' dir='ltr'><strong>juxta</strong></span> 
     </span>
     <span class='ocr_line' id='line_1_18' title="bbox 303 2415 1493 2506; baseline 0.003 -28"><span class='ocrx_word' id='word_1_148' title='bbox 303 2415 452 2481; x_wconf 90' lang='lat' dir='ltr'><strong>Plutonis</strong></span> <span class='ocrx_word' id='word_1_149' title='bbox 481 2440 612 2484; x_wconf 87' lang='lat' dir='ltr'><strong>uxorem</strong></span> <span class='ocrx_word' id='word_1_150' title='bbox 640 2422 748 2485; x_wconf 90' lang='lat' dir='ltr'><strong>sedeat</strong></span> <span class='ocrx_word' id='word_1_151' title='bbox 771 2422 848 2500; x_wconf 79' lang='lat'><strong>(744</strong></span> <span class='ocrx_word' id='word_1_152' title='bbox 873 2421 975 2506; x_wconf 83' lang='lat' dir='ltr'><strong>sqq.);</strong></span> <span class='ocrx_word' id='word_1_153' title='bbox 1001 2425 1170 2505; x_wconf 87' lang='lat' dir='ltr'><strong>postquam</strong></span> <span class='ocrx_word' id='word_1_154' title='bbox 1193 2425 1241 2484; x_wconf 86' lang='lat' dir='ltr'><strong>est</strong></span> <span class='ocrx_word' id='word_1_155' title='bbox 1266 2423 1390 2484; x_wconf 94' lang='lat' dir='ltr'><strong>mortua</strong></span> <span class='ocrx_word' id='word_1_156' title='bbox 1413 2418 1493 2505; x_wconf 83' lang='lat'>(995</span> 
     </span>
     <span class='ocr_line' id='line_1_19' title="bbox 303 2524 1495 2611; baseline 0.003 -26"><span class='ocrx_word' id='word_1_157' title='bbox 303 2524 386 2606; x_wconf 88' lang='lat' dir='ltr'><strong>sqq.)</strong></span> <span class='ocrx_word' id='word_1_158' title='bbox 407 2527 494 2588; x_wconf 85' lang='lat' dir='ltr'><strong>vetat</strong></span> <span class='ocrx_word' id='word_1_159' title='bbox 512 2547 581 2589; x_wconf 90' lang='lat' dir='ltr'><strong>eam</strong></span> <span class='ocrx_word' id='word_1_160' title='bbox 601 2527 635 2590; x_wconf 91' lang='lat' dir='ltr'><strong>in</strong></span> <span class='ocrx_word' id='word_1_161' title='bbox 657 2548 824 2611; x_wconf 90' lang='lat' dir='ltr'><strong>corporum</strong></span> <span class='ocrx_word' id='word_1_162' title='bbox 844 2548 977 2591; x_wconf 90' lang='lat' dir='ltr'><strong>numero</strong></span> <span class='ocrx_word' id='word_1_163' title='bbox 992 2527 1121 2611; x_wconf 72' lang='lat' dir='ltr'><strong>haberi,</strong></span> <span class='ocrx_word' id='word_1_164' title='bbox 1135 2526 1314 2611; x_wconf 90' lang='lat' dir='ltr'><strong>sepulcrum</strong></span> <span class='ocrx_word' id='word_1_165' title='bbox 1327 2526 1393 2590; x_wconf 91' lang='lat' dir='ltr'><strong>eius</strong></span> <span class='ocrx_word' id='word_1_166' title='bbox 1406 2525 1495 2590; x_wconf 84' lang='lat' dir='ltr'><strong>velut</strong></span> 
     </span>
     <span class='ocr_line' id='line_1_20' title="bbox 303 2626 1354 2717; baseline 0.008 -27"><span class='ocrx_word' id='word_1_167' title='bbox 303 2626 377 2692; x_wconf 89' lang='lat' dir='ltr'><strong>deos</strong></span> <span class='ocrx_word' id='word_1_168' title='bbox 400 2629 461 2694; x_wconf 92' lang='lat' dir='ltr'><strong>coli</strong></span> <span class='ocrx_word' id='word_1_169' title='bbox 480 2631 589 2717; x_wconf 85' lang='lat' dir='ltr'><strong>jubet,</strong></span> <span class='ocrx_word' id='word_1_170' title='bbox 616 2637 854 2717; x_wconf 86' lang='lat' dir='ltr'><strong>praetereuntes</strong></span> <span class='ocrx_word' id='word_1_171' title='bbox 877 2635 1015 2699; x_wconf 87' lang='lat' dir='ltr'><strong>viatores</strong></span> <span class='ocrx_word' id='word_1_172' title='bbox 1038 2634 1178 2698; x_wconf 92' lang='lat' dir='ltr'><strong>dicturos</strong></span> <span class='ocrx_word' id='word_1_173' title='bbox 1202 2655 1268 2697; x_wconf 91' lang='lat' dir='ltr'><strong>esse</strong></span> <span class='ocrx_word' id='word_1_174' title='bbox 1292 2633 1354 2698; x_wconf 82' lang='lat' dir='ltr'><strong>ait:</strong></span> 
     </span>
    </p>

    <p class='ocr_par' dir='ltr' id='par_1_6' title="bbox 626 2751 1132 2939">
     <span class='ocr_line' id='line_1_21' title="bbox 633 2751 1129 2834; baseline 0.004 -16"><span class='ocrx_word' id='word_1_175' title='bbox 633 2751 716 2819; x_wconf 71' lang='grc' dir='ltr'><strong>αὕτα</strong></span> <span class='ocrx_word' id='word_1_176' title='bbox 740 2756 815 2820; x_wconf 78' lang='grc' dir='ltr'><strong>ποτὲ</strong></span> <span class='ocrx_word' id='word_1_177' title='bbox 839 2755 981 2834; x_wconf 72' lang='lat' dir='ltr'><strong>apoo&#39;tcv’</strong></span> <span class='ocrx_word' id='word_1_178' title='bbox 1007 2755 1129 2834; x_wconf 70' lang='grc' dir='ltr'><strong>ἀνδρὸς,</strong></span> 
     </span>
     <span class='ocr_line' id='line_1_22' title="bbox 626 2860 1132 2939; baseline 0.004 -16"><span class='ocrx_word' id='word_1_179' title='bbox 626 2865 678 2924; x_wconf 78' lang='grc' dir='ltr'><strong>νῦν</strong></span> <span class='ocrx_word' id='word_1_180' title='bbox 701 2860 727 2924; x_wconf 71' lang='grc' dir='ltr'><strong>δ’</strong></span> <span class='ocrx_word' id='word_1_181' title='bbox 751 2861 815 2926; x_wconf 72' lang='grc' dir='ltr'><strong>ἐστὶ</strong></span> <span class='ocrx_word' id='word_1_182' title='bbox 841 2863 981 2939; x_wconf 70' lang='grc' dir='ltr'><strong>μάκαιρα</strong></span> <span class='ocrx_word' id='word_1_183' title='bbox 1005 2862 1132 2938; x_wconf 69' lang='grc' dir='ltr'><strong><em>δαίμων.</em></strong></span> 
     </span>
    </p>

    <p class='ocr_par' dir='ltr' id='par_1_7' title="bbox 301 2977 1565 4238">
     <span class='ocr_line' id='line_1_23' title="bbox 349 2977 1495 3070; baseline 0.009 -29"><span class='ocrx_word' id='word_1_184' title='bbox 349 2977 471 3043; x_wconf 88' lang='lat' dir='ltr'><strong>Pariter</strong></span> <span class='ocrx_word' id='word_1_185' title='bbox 502 2980 616 3046; x_wconf 89' lang='lat' dir='ltr'><strong>chorus</strong></span> <span class='ocrx_word' id='word_1_186' title='bbox 638 2983 673 3045; x_wconf 93' lang='lat' dir='ltr'><strong>in</strong></span> <span class='ocrx_word' id='word_1_187' title='bbox 694 2981 872 3048; x_wconf 84' lang='lat' dir='ltr'><strong>Heraclidis</strong></span> <span class='ocrx_word' id='word_1_188' title='bbox 895 2984 972 3062; x_wconf 81' lang='lat'>(910</span> <span class='ocrx_word' id='word_1_189' title='bbox 996 2985 1079 3070; x_wconf 89' lang='lat' dir='ltr'><strong>sqq.)</strong></span> <span class='ocrx_word' id='word_1_190' title='bbox 1105 2986 1203 3069; x_wconf 83' lang='lat' dir='ltr'><strong>negat</strong></span> <span class='ocrx_word' id='word_1_191' title='bbox 1225 2983 1395 3049; x_wconf 87' lang='lat' dir='ltr'><strong>Herculem</strong></span> <span class='ocrx_word' id='word_1_192' title='bbox 1419 2986 1495 3070; x_wconf 81' lang='lat' dir='ltr'><strong>igne</strong></span> 
     </span>
     <span class='ocr_line' id='line_1_24' title="bbox 303 3087 1491 3168; baseline 0.004 -17"><span class='ocrx_word' id='word_1_193' title='bbox 303 3089 477 3151; x_wconf 89' lang='lat' dir='ltr'><strong>crematum</strong></span> <span class='ocrx_word' id='word_1_194' title='bbox 501 3091 542 3152; x_wconf 93' lang='lat' dir='ltr'><strong>ad</strong></span> <span class='ocrx_word' id='word_1_195' title='bbox 564 3088 683 3154; x_wconf 86' lang='lat' dir='ltr'><strong>inferos</strong></span> <span class='ocrx_word' id='word_1_196' title='bbox 706 3089 837 3168; x_wconf 87' lang='lat' dir='ltr'><strong>abiisse,</strong></span> <span class='ocrx_word' id='word_1_197' title='bbox 863 3091 974 3155; x_wconf 88' lang='lat' dir='ltr'><strong>sedin</strong></span> <span class='ocrx_word' id='word_1_198' title='bbox 998 3091 1084 3156; x_wconf 89' lang='lat' dir='ltr'><strong>coelo</strong></span> <span class='ocrx_word' id='word_1_199' title='bbox 1109 3113 1180 3154; x_wconf 91' lang='lat' dir='ltr'><strong>eum</strong></span> <span class='ocrx_word' id='word_1_200' title='bbox 1205 3087 1329 3155; x_wconf 90' lang='lat' dir='ltr'><strong>morari</strong></span> <span class='ocrx_word' id='word_1_201' title='bbox 1344 3091 1491 3156; x_wconf 87' lang='lat' dir='ltr'><strong>affirmat.</strong></span> 
     </span>
     <span class='ocr_line' id='line_1_25' title="bbox 304 3192 1565 3283; baseline 0.004 -26"><span class='ocrx_word' id='word_1_202' title='bbox 304 3192 391 3257; x_wconf 92' lang='lat' dir='ltr'><strong>Alibi</strong></span> <span class='ocrx_word' id='word_1_203' title='bbox 415 3196 527 3258; x_wconf 90' lang='lat' dir='ltr'><strong>contra</strong></span> <span class='ocrx_word' id='word_1_204' title='bbox 551 3195 677 3259; x_wconf 86' lang='lat' dir='ltr'><strong>dubitat</strong></span> <span class='ocrx_word' id='word_1_205' title='bbox 697 3218 774 3260; x_wconf 93' lang='lat' dir='ltr'><strong>num</strong></span> <span class='ocrx_word' id='word_1_206' title='bbox 787 3196 918 3260; x_wconf 90' lang='lat' dir='ltr'><strong>omnino</strong></span> <span class='ocrx_word' id='word_1_207' title='bbox 932 3197 1104 3281; x_wconf 89' lang='lat' dir='ltr'><strong>quidquam</strong></span> <span class='ocrx_word' id='word_1_208' title='bbox 1117 3198 1157 3261; x_wconf 85' lang='lat' dir='ltr'><strong>ad</strong></span> <span class='ocrx_word' id='word_1_209' title='bbox 1170 3201 1311 3262; x_wconf 91' lang='lat' dir='ltr'><strong>mortuos</strong></span> <span class='ocrx_word' id='word_1_210' title='bbox 1322 3198 1492 3281; x_wconf 86' lang='lat' dir='ltr'><strong>pertineat</strong></span> <span class='ocrx_word' id='word_1_211' title='bbox 1560 3277 1565 3283; x_wconf 88' lang='lat'><strong>.</strong></span> 
     </span>
     <span class='ocr_line' id='line_1_26' title="bbox 304 3298 1495 3388; baseline 0.002 -24"><span class='ocrx_word' id='word_1_212' title='bbox 304 3300 341 3364; x_wconf 90' lang='lat' dir='ltr'><strong>In</strong></span> <span class='ocrx_word' id='word_1_213' title='bbox 369 3301 477 3363; x_wconf 89' lang='lat' dir='ltr'><strong>eodem</strong></span> <span class='ocrx_word' id='word_1_214' title='bbox 502 3298 744 3366; x_wconf 89' lang='lat' dir='ltr'><strong>Heraclidarum</strong></span> <span class='ocrx_word' id='word_1_215' title='bbox 769 3302 912 3367; x_wconf 87' lang='lat' dir='ltr'><strong>dramate</strong></span> <span class='ocrx_word' id='word_1_216' title='bbox 936 3303 1149 3367; x_wconf 89' lang='lat' dir='ltr'><strong>memorabilis</strong></span> <span class='ocrx_word' id='word_1_217' title='bbox 1173 3304 1211 3367; x_wconf 89' lang='lat' dir='ltr'><strong>dc</strong></span> <span class='ocrx_word' id='word_1_218' title='bbox 1234 3302 1294 3367; x_wconf 86' lang='lat' dir='ltr'><strong>bac</strong></span> <span class='ocrx_word' id='word_1_219' title='bbox 1318 3304 1495 3388; x_wconf 84' lang='lat' dir='ltr'><strong>relegitur</strong></span> 
     </span>
     <span class='ocr_line' id='line_1_27' title="bbox 303 3405 1493 3494; baseline 0.005 -26"><span class='ocrx_word' id='word_1_220' title='bbox 303 3405 461 3470; x_wconf 85' lang='lat' dir='ltr'><strong>sententia</strong></span> <span class='ocrx_word' id='word_1_221' title='bbox 484 3427 702 3492; x_wconf 91' lang='lat' dir='ltr'><strong>summamque</strong></span> <span class='ocrx_word' id='word_1_222' title='bbox 724 3429 800 3491; x_wconf 90' lang='lat' dir='ltr'><strong>prae</strong></span> <span class='ocrx_word' id='word_1_223' title='bbox 820 3429 852 3472; x_wconf 89' lang='lat' dir='ltr'><strong>se</strong></span> <span class='ocrx_word' id='word_1_224' title='bbox 872 3408 976 3473; x_wconf 86' lang='lat' dir='ltr'><strong>ferens</strong></span> <span class='ocrx_word' id='word_1_225' title='bbox 995 3409 1160 3473; x_wconf 89' lang='lat' dir='ltr'><strong>tristitiam</strong></span> <span class='ocrx_word' id='word_1_226' title='bbox 1181 3411 1214 3472; x_wconf 91' lang='lat' dir='ltr'><strong>et</strong></span> <span class='ocrx_word' id='word_1_227' title='bbox 1232 3409 1331 3473; x_wconf 87' lang='lat' dir='ltr'><strong>animi</strong></span> <span class='ocrx_word' id='word_1_228' title='bbox 1352 3409 1493 3494; x_wconf 82' lang='lat' dir='ltr'><strong>aegritu·</strong></span> 
     </span>
     <span class='ocr_line' id='line_1_28' title="bbox 304 3511 1490 3602; baseline 0.003 -26"><span class='ocrx_word' id='word_1_229' title='bbox 304 3513 420 3576; x_wconf 90' lang='lat' dir='ltr'><strong>dinem.</strong></span> <span class='ocrx_word' id='word_1_230' title='bbox 449 3511 589 3578; x_wconf 88' lang='lat' dir='ltr'><strong>Macaria</strong></span> <span class='ocrx_word' id='word_1_231' title='bbox 613 3513 699 3577; x_wconf 89' lang='lat' dir='ltr'><strong>enim</strong></span> <span class='ocrx_word' id='word_1_232' title='bbox 723 3536 780 3598; x_wconf 91' lang='lat' dir='ltr'><strong>pro</strong></span> <span class='ocrx_word' id='word_1_233' title='bbox 804 3514 908 3598; x_wconf 90' lang='lat' dir='ltr'><strong>patria</strong></span> <span class='ocrx_word' id='word_1_234' title='bbox 931 3520 963 3580; x_wconf 87' lang='lat' dir='ltr'><strong>et</strong></span> <span class='ocrx_word' id='word_1_235' title='bbox 987 3515 1095 3580; x_wconf 91' lang='lat' dir='ltr'><strong>amicis</strong></span> <span class='ocrx_word' id='word_1_236' title='bbox 1118 3515 1272 3580; x_wconf 83' lang='lat' dir='ltr'><strong>moritura</strong></span> <span class='ocrx_word' id='word_1_237' title='bbox 1295 3518 1388 3600; x_wconf 91' lang='lat' dir='ltr'><strong>optat</strong></span> <span class='ocrx_word' id='word_1_238' title='bbox 1411 3515 1490 3602; x_wconf 75' lang='lat'>(591</span> 
     </span>
     <span class='ocr_line' id='line_1_29' title="bbox 303 3618 1494 3707; baseline 0.003 -24"><span class='ocrx_word' id='word_1_239' title='bbox 303 3620 386 3703; x_wconf 84' lang='lat' dir='ltr'><strong>sqq.)</strong></span> <span class='ocrx_word' id='word_1_240' title='bbox 423 3620 460 3681; x_wconf 91' lang='lat' dir='ltr'><strong>ut</strong></span> <span class='ocrx_word' id='word_1_241' title='bbox 496 3618 599 3683; x_wconf 75' lang='lat' dir='ltr'><strong>»nihil</strong></span> <span class='ocrx_word' id='word_1_242' title='bbox 630 3620 689 3684; x_wconf 89' lang='lat' dir='ltr'><strong>sub</strong></span> <span class='ocrx_word' id='word_1_243' title='bbox 719 3624 805 3684; x_wconf 90' lang='lat' dir='ltr'><strong>terra</strong></span> <span class='ocrx_word' id='word_1_244' title='bbox 834 3619 915 3704; x_wconf 87' lang='lat' dir='ltr'><strong>sit‘’;</strong></span> <span class='ocrx_word' id='word_1_245' title='bbox 947 3643 1022 3684; x_wconf 91' lang='lat' dir='ltr'><strong>nam</strong></span> <span class='ocrx_word' id='word_1_246' title='bbox 1054 3622 1081 3684; x_wconf 88' lang='lat' dir='ltr'><strong>si</strong></span> <span class='ocrx_word' id='word_1_247' title='bbox 1105 3626 1245 3686; x_wconf 91' lang='lat' dir='ltr'><strong>mortuos</strong></span> <span class='ocrx_word' id='word_1_248' title='bbox 1269 3643 1394 3707; x_wconf 88' lang='lat' dir='ltr'><strong>quoque</strong></span> <span class='ocrx_word' id='word_1_249' title='bbox 1417 3645 1494 3687; x_wconf 89' lang='lat' dir='ltr'><strong>cura</strong></span> 
     </span>
     <span class='ocr_line' id='line_1_30' title="bbox 303 3725 1493 3813; baseline 0.004 -25"><span class='ocrx_word' id='word_1_250' title='bbox 303 3725 429 3788; x_wconf 86' lang='lat' dir='ltr'><strong>aditura</strong></span> <span class='ocrx_word' id='word_1_251' title='bbox 459 3725 518 3801; x_wconf 91' lang='lat' dir='ltr'><strong>sit,</strong></span> <span class='ocrx_word' id='word_1_252' title='bbox 549 3726 708 3790; x_wconf 89' lang='lat' dir='ltr'><strong>neminem</strong></span> <span class='ocrx_word' id='word_1_253' title='bbox 740 3726 857 3791; x_wconf 90' lang='lat' dir='ltr'><strong>habere</strong></span> <span class='ocrx_word' id='word_1_254' title='bbox 879 3748 942 3811; x_wconf 92' lang='lat' dir='ltr'><strong>quo</strong></span> <span class='ocrx_word' id='word_1_255' title='bbox 967 3749 999 3791; x_wconf 91' lang='lat' dir='ltr'><strong>se</strong></span> <span class='ocrx_word' id='word_1_256' title='bbox 1022 3730 1143 3812; x_wconf 80' lang='lat' dir='ltr'><strong>vertat3</strong></span> <span class='ocrx_word' id='word_1_257' title='bbox 1168 3733 1301 3793; x_wconf 90' lang='lat' dir='ltr'><strong>mortem</strong></span> <span class='ocrx_word' id='word_1_258' title='bbox 1325 3728 1410 3793; x_wconf 90' lang='lat' dir='ltr'><strong>enim</strong></span> <span class='ocrx_word' id='word_1_259' title='bbox 1434 3750 1493 3813; x_wconf 89' lang='lat' dir='ltr'><strong>op·</strong></span> 
     </span>
     <span class='ocr_line' id='line_1_31' title="bbox 302 3830 1493 3916; baseline 0.005 -21"><span class='ocrx_word' id='word_1_260' title='bbox 302 3832 413 3895; x_wconf 88' lang='lat' dir='ltr'><strong>timam</strong></span> <span class='ocrx_word' id='word_1_261' title='bbox 434 3830 533 3894; x_wconf 85' lang='lat' dir='ltr'><strong>videri</strong></span> <span class='ocrx_word' id='word_1_262' title='bbox 554 3832 743 3897; x_wconf 89' lang='lat' dir='ltr'><strong>medicinam</strong></span> <span class='ocrx_word' id='word_1_263' title='bbox 764 3833 930 3897; x_wconf 90' lang='lat' dir='ltr'><strong>malorum.</strong></span> <span class='ocrx_word' id='word_1_264' title='bbox 956 3832 1039 3909; x_wconf 76' lang='lat' dir='ltr'><strong>Quin</strong></span> <span class='ocrx_word' id='word_1_265' title='bbox 1060 3834 1156 3898; x_wconf 90' lang='lat' dir='ltr'><strong>etiam</strong></span> <span class='ocrx_word' id='word_1_266' title='bbox 1177 3835 1302 3900; x_wconf 88' lang='lat' dir='ltr'><strong>disertis</strong></span> <span class='ocrx_word' id='word_1_267' title='bbox 1315 3835 1419 3900; x_wconf 77' lang='lat' dir='ltr'><strong>verbis</strong></span> <span class='ocrx_word' id='word_1_268' title='bbox 1432 3836 1493 3916; x_wconf 90' lang='lat' dir='ltr'><strong>ali·</strong></span> 
     </span>
     <span class='ocr_line' id='line_1_32' title="bbox 303 3936 1496 4027; baseline 0.006 -26"><span class='ocrx_word' id='word_1_269' title='bbox 303 3936 430 4022; x_wconf 91' lang='lat' dir='ltr'><strong>quando</strong></span> <span class='ocrx_word' id='word_1_270' title='bbox 450 3937 600 4001; x_wconf 88' lang='lat' dir='ltr'><strong>enuntiat</strong></span> <span class='ocrx_word' id='word_1_271' title='bbox 611 3943 744 4004; x_wconf 90' lang='lat' dir='ltr'><strong>mortem</strong></span> <span class='ocrx_word' id='word_1_272' title='bbox 756 3939 903 4004; x_wconf 91' lang='lat' dir='ltr'><strong>ultimam</strong></span> <span class='ocrx_word' id='word_1_273' title='bbox 915 3940 1032 4004; x_wconf 88' lang='lat' dir='ltr'><strong>lineam</strong></span> <span class='ocrx_word' id='word_1_274' title='bbox 1045 3962 1151 4004; x_wconf 89' lang='lat' dir='ltr'><strong>rerum</strong></span> <span class='ocrx_word' id='word_1_275' title='bbox 1164 3963 1239 4005; x_wconf 90' lang='lat' dir='ltr'><strong>esse.</strong></span> <span class='ocrx_word' id='word_1_276' title='bbox 1253 3941 1336 4006; x_wconf 89' lang='lat' dir='ltr'><strong>Nam</strong></span> <span class='ocrx_word' id='word_1_277' title='bbox 1350 3943 1496 4027; x_wconf 85' lang='lat' dir='ltr'><strong>quamvis</strong></span> 
     </span>
     <span class='ocr_line' id='line_1_33' title="bbox 303 4043 1495 4131; baseline 0.007 -24"><span class='ocrx_word' id='word_1_278' title='bbox 303 4043 456 4108; x_wconf 91' lang='lat' dir='ltr'><strong>eiusmodi</strong></span> <span class='ocrx_word' id='word_1_279' title='bbox 483 4043 675 4128; x_wconf 89' lang='lat' dir='ltr'><strong>sententiae,</strong></span> <span class='ocrx_word' id='word_1_280' title='bbox 700 4045 826 4129; x_wconf 90' lang='lat' dir='ltr'><strong>qualem</strong></span> <span class='ocrx_word' id='word_1_281' title='bbox 851 4047 934 4131; x_wconf 90' lang='lat' dir='ltr'><strong>apud</strong></span> <span class='ocrx_word' id='word_1_282' title='bbox 957 4046 1043 4112; x_wconf 89' lang='lat' dir='ltr'><strong>Plut.</strong></span> <span class='ocrx_word' id='word_1_283' title='bbox 1067 4046 1148 4113; x_wconf 92' lang='lat' dir='ltr'><strong>Mor.</strong></span> <span class='ocrx_word' id='word_1_284' title='bbox 1173 4070 1204 4131; x_wconf 94' lang='lat' dir='ltr'><strong>p.</strong></span> <span class='ocrx_word' id='word_1_285' title='bbox 1233 4047 1337 4112; x_wconf 90' lang='grc' dir='ltr'><strong>11οΒ</strong></span> <span class='ocrx_word' id='word_1_286' title='bbox 1361 4071 1377 4113; x_wconf 91' lang='lat' dir='ltr'><strong>e</strong></span> <span class='ocrx_word' id='word_1_287' title='bbox 1401 4047 1495 4114; x_wconf 79' lang='lat' dir='ltr'><strong>Ores-</strong></span> 
     </span>
     <span class='ocr_line' id='line_1_34' title="bbox 301 4150 1494 4238; baseline 0.007 -26"><span class='ocrx_word' id='word_1_288' title='bbox 301 4150 422 4233; x_wconf 90' lang='lat' dir='ltr'><strong>phonte</strong></span> <span class='ocrx_word' id='word_1_289' title='bbox 455 4153 636 4235; x_wconf 86' lang='lat' dir='ltr'><strong>excerptam</strong></span> <span class='ocrx_word' id='word_1_290' title='bbox 672 4150 809 4236; x_wconf 81' lang='lat' dir='ltr'><strong>legimns</strong></span> <span class='ocrx_word' id='word_1_291' title='bbox 845 4153 897 4236; x_wconf 82' lang='lat' dir='ltr'><strong>(fr.</strong></span> <span class='ocrx_word' id='word_1_292' title='bbox 935 4151 1014 4238; x_wconf 81' lang='lat'>454)</span> <span class='ocrx_word' id='word_1_293' title='bbox 1046 4156 1210 4218; x_wconf 77' lang='lat' dir='ltr'><strong>»mortuos</strong></span> <span class='ocrx_word' id='word_1_294' title='bbox 1240 4153 1323 4218; x_wconf 90' lang='lat' dir='ltr'><strong>nihil</strong></span> <span class='ocrx_word' id='word_1_295' title='bbox 1354 4155 1494 4236; x_wconf 84' lang='lat' dir='ltr'><strong>valere’&#39;,</strong></span> 
     </span>
    </p>
   </div>
   <div class='ocr_carea' id='block_1_5' title="bbox 303 4377 510 4388">
    <p class='ocr_par' dir='ltr' id='par_1_8' title="bbox 303 4377 510 4388">
     <span class='ocr_line' id='line_1_35' title="bbox 303 4377 510 4388; baseline 0 -2"><span class='ocrx_word' id='word_1_296' title='bbox 303 4377 510 4388; x_wconf 42' lang='grc' dir='ltr'><strong>,ἡ</strong></span> 
     </span>
    </p>
   </div>
   <div class='ocr_carea' id='block_1_6' title="bbox 340 4509 1179 4662">
    <p class='ocr_par' dir='ltr' id='par_1_9' title="bbox 340 4509 1179 4662">
     <span class='ocr_line' id='line_1_36' title="bbox 340 4509 930 4575; baseline 0 -15"><span class='ocrx_word' id='word_1_297' title='bbox 340 4511 365 4572; x_wconf 90' lang='grc'><strong>1)</strong></span> <span class='ocrx_word' id='word_1_298' title='bbox 382 4509 435 4560; x_wconf 86' lang='lat' dir='ltr'><strong>Vid.</strong></span> <span class='ocrx_word' id='word_1_299' title='bbox 451 4511 569 4562; x_wconf 86' lang='lat' dir='ltr'><strong>insulsum</strong></span> <span class='ocrx_word' id='word_1_300' title='bbox 586 4511 713 4561; x_wconf 80' lang='lat' dir='ltr'><strong>vorborum</strong></span> <span class='ocrx_word' id='word_1_301' title='bbox 734 4509 813 4560; x_wconf 81' lang='lat' dir='ltr'><strong>lusum</strong></span> <span class='ocrx_word' id='word_1_302' title='bbox 831 4509 930 4575; x_wconf 68' lang='lat' dir='ltr'><strong>(lecca</strong></span> 
     </span>
     <span class='ocr_line' id='line_1_37' title="bbox 605 4586 1179 4662; baseline 0.002 -19"><span class='ocrx_word' id='word_1_303' title='bbox 605 4595 678 4652; x_wconf 74' lang='grc' dir='ltr'><em>Ζηνὸς</em></span> <span class='ocrx_word' id='word_1_304' title='bbox 694 4593 743 4657; x_wconf 59' lang='grc' dir='ltr'><strong>γὰρ</strong></span> <span class='ocrx_word' id='word_1_305' title='bbox 762 4586 837 4642; x_wconf 69' lang='grc' dir='ltr'><strong><em>οὖσαν</em></strong></span> <span class='ocrx_word' id='word_1_306' title='bbox 855 4591 900 4657; x_wconf 66' lang='grc' dir='ltr'><strong>ζῆν</strong></span> <span class='ocrx_word' id='word_1_307' title='bbox 918 4610 951 4642; x_wconf 79' lang='grc' dir='ltr'><strong>νιν</strong></span> <span class='ocrx_word' id='word_1_308' title='bbox 969 4591 1179 4662; x_wconf 58' lang='lat' dir='ltr'><strong>boltronlxpr‘no.</strong></span> 
     </span>
    </p>
   </div>
   <div class='ocr_carea' id='block_1_7' title="bbox 0 0 1716 5362">
    <p class='ocr_par' dir='ltr' id='par_1_10' title="bbox 0 0 1716 5362">
     <span class='ocr_line' id='line_1_38' title="bbox 0 0 1716 5362; baseline 0 0"><span class='ocrx_word' id='word_1_309' title='bbox 0 0 1716 5362; x_wconf 95' lang='lat' dir='ltr'><strong> </strong></span> 
     </span>
    </p>
   </div>
  </div>
 </body>
</html>
