3422 5362
694 1255 1087 1369 EPILOGUS.

791 1512 986 1528 W

343 1681 447 1767 Siquis
471 1681 506 1745 in
530 1678 636 1764 aliqua
658 1679 787 1762 regione
810 1679 1006 1764 aliquamdiu
1030 1682 1171 1744 moratus
1191 1683 1239 1744 est
1258 1701 1390 1764 eamque
1408 1678 1489 1743 bene

299 1808 488 1872 cognoscere
519 1785 660 1862 studuit,
688 1785 872 1869 priusquam
906 1786 1066 1862 discedat,
1099 1787 1178 1850 duce
1209 1773 1324 1849 intimo
1351 1785 1490 1869 quodam

300 1894 400 1960 animi
436 1894 525 1956 motu
560 1913 629 1956 earn
661 1913 678 1955 e
709 1890 778 1956 loco
803 1892 1013 1957 eminentiore
1035 1894 1230 1976 postremum
1254 1891 1352 1956 oculis
1375 1891 1493 1979 collus·

300 2003 384 2064 trare
407 1999 497 2064 solet.
534 1997 585 2062 Sic
617 1996 709 2061 nobis
732 1997 765 2060 in
789 1996 854 2061 fine
877 1997 977 2062 libelli
999 1998 1223 2082 disputationis
1242 2020 1398 2062 summam
1418 1997 1491 2061 bre·

299 2105 425 2172 vissime
447 2107 587 2188 repetere
608 2102 696 2167 libet.

346 2209 508 2297 Apparuit
539 2209 639 2294 igitur
662 2213 736 2274 ante
759 2211 867 2274 omnia
890 2209 1076 2295 Euripidem
1100 2232 1164 2275 non
1188 2211 1285 2276 fuisse
1309 2233 1345 2274 ea
1368 2209 1492 2294 ingenii

302 2318 483 2385 constantia
503 2318 536 2381 et
555 2316 733 2380 subtilitate
755 2318 791 2381 ut
808 2317 843 2381 in
864 2317 1036 2400 cogitando
1048 2317 1171 2382 ratione
1183 2321 1214 2382 et
1227 2318 1278 2382 via
1290 2316 1490 2402 procederet,

301 2447 410 2491 verum
434 2427 472 2487 ut
494 2426 621 2506 poetam
645 2423 747 2506 magis
770 2445 865 2507 quam
889 2423 1115 2507 philosophum
1127 2424 1230 2488 obiter
1242 2427 1370 2488 tantum
1382 2423 1491 2488 omnia

301 2530 465 2596 delibasse.

346 2637 507 2702 Educatus
528 2638 560 2700 et
579 2634 707 2699 adultus
726 2635 764 2698 iis
785 2636 997 2720 temporibus,
1015 2659 1113 2721 quum
1127 2636 1237 2720 religio
1251 2657 1352 2701 mores
1365 2635 1493 2700 vivendi

301 2745 441 2809 rationes
472 2741 607 2805 traditae
634 2742 700 2824 jam
728 2741 1016 2820 inveterascerent,
1040 2743 1124 2806 inter
1148 2742 1267 2826 primos
1291 2763 1343 2806 eas
1364 2742 1491 2825 vitupe-

301 2851 400 2925 ravit,
443 2847 726 2930 auctoritatemque
764 2867 882 2910 earum-
907 2846 1093 2931 plerumque
1127 2870 1210 2912 vana
1245 2848 1395 2931 opinione
1429 2846 1491 2909 niti

302 2952 548 3029 demonstrarit;
588 2951 642 3016 sed
677 2972 749 3016 cum
780 2973 864 3016 nova
897 2952 964 3036 ipse
999 2957 1154 3032 tentaret,
1198 2955 1231 3018 id
1266 2955 1369 3039 ipsum
1404 2954 1491 3038 quod

301 3061 425 3146 ingenii
459 3059 635 3124 subtilitate
670 3058 797 3123 carebat
831 3061 864 3122 et
900 3060 1033 3144 antiqua
1064 3082 1192 3145 prorsus
1223 3061 1402 3145 relinquere
1432 3082 1492 3125 nec

302 3168 445 3252 poterat,
470 3166 586 3251 quippe
609 3167 718 3249 poeta,
745 3186 803 3229 nec
827 3165 981 3242 audebat,
1008 3166 1112 3231 effecit
1134 3172 1170 3231 ut
1190 3167 1225 3230 in
1248 3168 1379 3232 summis
1399 3167 1494 3231 rebus
1600 3154 1605 3163 ¹

303 3274 385 3339 nihil
404 3273 497 3338 solidi
516 3276 749 3357 assequeretur,
771 3275 803 3334 ct
824 3274 918 3335 modo
942 3273 1002 3337 hoc
1026 3275 1118 3338 modo
1142 3273 1222 3338 illud
1246 3275 1371 3356 dicens,
1396 3278 1492 3358 prout

304 3380 456 3447 suadebat
486 3379 568 3443 ratio
600 3379 665 3442 eius
695 3378 742 3442 rei
772 3400 835 3462 qua
868 3382 1040 3462 occupatus
1071 3384 1156 3457 erat,
1189 3380 1250 3445 sibi
1272 3379 1340 3464 ipse
1363 3381 1494 3443 minime

304 3489 474 3552 constaret.

350 3593 532 3658 Sententiae
563 3592 603 3656 ad
634 3613 739 3655 rerum
771 3593 918 3655 naturam
951 3594 1147 3677 pertinentes
1176 3615 1293 3679 paucas
1317 3599 1349 3659 et
1372 3594 1495 3679 simpli-

305 3700 445 3765 cissimas
475 3719 539 3762 non
564 3719 602 3762 ex
626 3697 758 3762 alicuius
781 3697 962 3781 philosophi
986 3699 1111 3778 schola,
1137 3701 1190 3766 sed
1214 3724 1231 3766 e
1258 3705 1393 3766 naturae
1417 3721 1496 3765 con·

305 3805 512 3890 templatione
548 3807 581 3868 et
610 3804 807 3869 evariarum
844 3805 1081 3890 disciplinarum
1118 3829 1308 3893 poeseosque
1344 3808 1495 3892 antiquae

305 3911 490 3997 cognitione
513 3909 629 3977 hausit.

350 4018 403 4084 Ab
424 4017 629 4101 opinionibus
647 4017 855 4103 popularibus
873 4019 911 4084 de
931 4020 1025 4084 rebus
1045 4019 1161 4084 divinis
1181 4021 1236 4085 diu
1249 4041 1316 4085 non
1328 4021 1496 4086 descivisse

306 4126 441 4192 videtur.
467 4125 640 4209 Postquam
664 4146 737 4189 vero
761 4124 790 4188 ei
809 4147 994 4209 persuasum
1014 4130 1062 4191 est
1081 4129 1173 4194 deum
1195 4130 1340 4212 oportere
1359 4127 1496 4211 probum

307 4256 389 4310 esse,
423 4236 498 4297 deos
529 4232 696 4316 populares
721 4232 835 4296 acriter
858 4233 1087 4316 reprehendere
1110 4233 1224 4317 coepit.
1259 4232 1364 4309 Quum
1387 4236 1497 4299 tamen

306 4341 374 4426 ipse
392 4339 511 4403 frustra
529 4339 694 4422 quaereret
712 4337 815 4421 qualis
828 4342 909 4402 esset
922 4341 1040 4403 natura
1051 4338 1179 4404 deorum
1191 4387 1198 4417 ‚
1212 4362 1312 4425 neque
1324 4340 1498 4425 quidquam

309 4444 476 4531 proficeret
495 4444 556 4509 nisi
575 4448 659 4528 quod
679 4443 723 4508 rei
743 4443 974 4510 obscuritatem
985 4446 1191 4530 perspiceret,
1205 4451 1308 4512 aetate
1320 4448 1499 4531 provectior

308 4552 493 4638 religionem
517 4552 701 4636 popularem
724 4551 914 4635 impugnare
938 4552 1038 4616 desiit.
