3418 5356
777 442 819 505 97

202 640 317 706 moque
334 619 401 686 ietu
422 623 560 686 eorruut.
587 619 662 686 Nou
683 623 792 686 tumen
811 621 920 686 stetim
937 619 1105 707 Euripides
1117 643 1184 688 enm
1198 622 1392 688 sententiam

201 725 431 812 pronuntiarit.
452 725 490 792 In
512 726 616 812 ospito
634 727 773 792 seeundo
792 731 931 793 mnotnte
950 729 1135 813 quaestione
1153 731 1194 793 de
1212 731 1391 794 mumstum

79 873 82 878 -
200 831 410 916 ehrouologie
441 831 551 898 monui
586 836 651 898 tres
681 836 802 899 aetolos
832 856 925 920 posse
956 835 1130 920 distingui,
1153 835 1307 920 primum,
1331 857 1395 921 qus

200 937 253 1002 rix
285 936 390 1002 sdhuo
421 939 461 1002 de
484 937 601 1004 divinis
624 937 740 1004 subulis
762 939 945 1018 dubitaret,
969 943 1159 1018 seeundum,
1182 962 1246 1026 que
1267 941 1303 1004 in
1327 940 1394 1006 dies

199 1042 238 1109 iis
271 1043 366 1110 fidem
402 1043 576 1128 denegaret
609 1066 725 1130 eosque
758 1045 864 1130 polum
895 1045 1118 1131 impugnaret,
1152 1047 1300 1124 tortium,
1329 1067 1394 1130 que

201 1149 386 1233 religionem
418 1150 597 1216 rationibus
629 1151 801 1218 sollicitere
824 1152 991 1217 desineret.
1016 1151 1116 1228 Quem
1139 1152 1284 1216 ordinem
1308 1174 1395 1218 nuno

203 1274 345 1340 qnoque,
375 1278 474 1342 quum
505 1257 541 1321 iu
564 1257 692 1343 singule
716 1257 903 1342 diligentius
925 1257 1151 1342 inquirendum
1174 1261 1241 1338 est,
1263 1279 1393 1324 serven·

202 1363 277 1426 dum
300 1366 391 1446 puto.

656 1879 844 1964 CAPUT
866 1881 919 1964 V.

616 2113 664 2164 DE
687 2113 823 2164 mnus
845 2113 970 2166 PRIMA.

247 2279 286 2346 In
316 2280 475 2367 prioribus
506 2280 606 2366 igitur
637 2280 809 2366 tragoediis
838 2281 970 2346 omnino
993 2280 1059 2346 iere
1081 2302 1153 2346 oum
1176 2282 1296 2346 trudito
1318 2283 1393 2348 reli-

202 2385 296 2470 gione
318 2387 488 2454 consentit.
514 2386 620 2452 Variis
643 2386 720 2452 loeis
743 2385 804 2451 iuti
827 2385 967 2452 celebret
987 2385 1142 2453 invictum
1162 2388 1391 2456 necessitatem.

201 2489 239 2556 ln
273 2491 433 2558 Alcestide
465 2493 621 2578 imprimis
654 2494 721 2558 eius
747 2492 787 2556 fit
809 2493 940 2558 mentio.
964 2494 1117 2558 Admetus
1139 2514 1239 2578 quum
1262 2493 1329 2558 feto
1353 2495 1393 2559 od

203 2601 335 2664 mortem
366 2602 449 2664 esset
479 2599 671 2678 destinatus,
706 2599 823 2685 Apollo
847 2597 1032 2683 impetravit
1056 2599 1094 2662 ut
1117 2598 1237 2664 vireret
1262 2599 1290 2664 si
1311 2599 1393 2665 elius

202 2704 359 2790 quispiam
389 2726 448 2790 pro
476 2727 513 2770 eo
545 2708 679 2770 mortem
707 2705 821 2770 obiret.
845 2703 899 2769 Dii
924 2705 1026 2782 enim,
1049 2707 1086 2769 ut
1108 2707 1193 2790 opud
1216 2703 1391 2770 Homerum

199 2814 231 2874 et
251 2809 451 2876 Herodotum
464 2811 601 2876 vidimus
614 2807 659 2897 ¹),
671 2809 732 2875 fati
744 2813 870 2875 decreto
882 2809 1086 2896 aliquetenus
1097 2800 1221 2875 mutere
1231 2815 1391 2895 poterent.

200 2913 303 2990 Quum
327 2937 409 2980 uxor
431 2915 561 2981 Admeti
583 2916 721 2981 Alcestis
743 2917 840 2980 morti
863 2938 897 2981 se
919 2917 1064 2994 offerret,
1089 2916 1209 3003 Apollo
1228 2916 1323 2982 huius
1341 2939 1392 2982 ss·

202 3019 299 3086 lutum
323 3043 344 3085 e
366 3021 514 3087 Thenuto
537 3021 657 3087 frustra
679 3023 804 3107 petivit.
830 3020 912 3098 Quia
935 3027 1042 3087 eutem
1066 3022 1168 3087 lutum
1192 3024 1267 3087 unte
1286 3024 1395 3088 omniu

202 3133 335 3193 mortem
368 3128 536 3193 decernere
567 3128 772 3206 medebatur,
802 3127 862 3192 fati
893 3127 1068 3212 mortisque
1092 3128 1262 3194 neeessites
1285 3129 1394 3193 eodem

202 3233 264 3298 iere
284 3255 351 3300 esse
370 3234 507 3299 ridetur.
541 3233 717 3299 Notissimo
739 3233 828 3298 ehori
845 3233 970 3299 oentioo
991 3233 1198 3319 (eeu-990)
1218 3232 1395 3298 celebretur

203 3340 346 3426 ἀνάγκη,
366 3341 470 3406 solum
494 3361 614 3404 numen
637 3340 725 3404 ouius
748 3339 871 3405 nullum
894 3361 983 3404 urum
1007 3341 1174 3415 adeamus,
1198 3339 1284 3424 quod
1306 3360 1396 3404 suoru

204 3446 291 3512 nullu
303 3447 457 3533 eooipiut3
470 3446 618 3532 idemque
630 3445 898 3531 potentissimum,
912 3468 987 3510 num
1000 3446 1094 3509 etism
1103 3442 1231 3528 Jupiter
1239 3444 1396 3529 quidquid

205 3552 314 3618 annuit
336 3575 408 3618 oum
431 3574 468 3618 eo
491 3551 626 3638 perficit.
651 3551 756 3617 Huius
778 3551 913 3617 vineolis
936 3551 1108 3616 Admetum
1128 3570 1255 3635 quoque
1275 3549 1394 3626 teneri,

205 3680 276 3724 num
310 3681 485 3746 numquam
517 3679 648 3724 uxorem
671 3657 809 3724 luorimis
833 3657 874 3724 sb
897 3657 1006 3722 inferis
1030 3655 1169 3721 reducet.
1189 3655 1230 3720 In
1254 3654 1320 3719 fine
1342 3661 1394 3719 te·

207 3785 275 3828 men
298 3765 451 3829 mametis
474 3785 544 3830 eum
566 3763 720 3830 Hercules
741 3763 872 3841 liberet,
896 3765 983 3848 quod
1005 3761 1148 3848 proiecto
1172 3763 1299 3846 pugnat
1320 3783 1393 3826 oum

204 3867 287 3934 illius
307 3870 448 3936 numinis
460 3873 577 3935 nature
588 3869 719 3936 invietu.
736 3868 798 3936 Sed
810 3891 882 3934 oum
895 3868 1032 3934 Alcestis
1043 3866 1152 3932 fabule
1164 3867 1231 3932 vioe
1242 3866 1395 3932 dmmutis

205 3975 331 4058 mtyrioi
365 3977 475 4041 fruneto
506 3977 567 4053 sit,
599 3974 682 4040 nihil
712 3975 809 4040 hebet
835 3973 1020 4039 offensionis
1043 3973 1129 4058 quod
1153 3977 1247 4057 poeto
1269 3993 1394 4036 summu

206 4079 345 4166 tingendi
367 4083 498 4148 lieentia
520 4082 630 4147 omnin
651 4080 830 4146 confundit.
854 4079 915 4146 Sed
939 4081 1049 4145 eodem
1072 4100 1166 4144 neusa
1189 4077 1297 4142 obstet
1312 4097 1393 4161 quo·

205 4185 308 4252 minus
337 4191 440 4254 totum
463 4187 523 4253 iuti
548 4187 873 4264 ndmiuistrstionem,
900 4185 1004 4270 qualis
1026 4184 1088 4250 hoo
1109 4183 1145 4249 in
1168 4183 1311 4248 mommo
1333 4182 1394 4247 diis

207 4369 386 4392 ’Ἀ

239 4473 266 4538 1)
284 4475 314 4526 ln
330 4473 468 4526 nerrrtione
485 4473 570 4526 mortis
586 4471 730 4538 Surpodomr
746 4469 807 4536 (rid.
824 4486 863 4536 pg.
883 4472 917 4524 88
934 4475 995 4534 not.)
1012 4473 1036 4522 er
1050 4468 1170 4521 melorum
1183 4463 1266 4518 Croesi
1280 4467 1337 4530 (rid.
1354 4481 1392 4534 pg.

203 4555 238 4604 88
254 4559 303 4605 not.
320 4557 358 4620 4).
1255 4633 1269 4684 ἲ
