3422 5362
778 487 841 552 177

214 667 357 753 barbari3
387 671 529 735 attamen
562 669 683 754 primus
706 689 813 734 eorum
837 673 904 734 tam
926 669 1042 735 diserte
1067 669 1147 735 dixit
1170 669 1272 736 bonos
1294 692 1402 738 aanor

213 773 342 840 nomine
365 777 491 840 tantum
516 775 558 839 ab
579 775 730 861 ingenuis
756 775 882 841 differre
895 783 928 855 ¹).

257 879 377 947 Verum
400 880 598 960 Alcidamas,
625 881 762 967 Gorgiae
786 881 975 967 discipulus,
998 886 1145 948 naturam
1163 903 1273 948 omnes
1295 882 1400 950 homi·

212 1007 268 1052 nes
294 986 410 1054 liberos
432 989 581 1073 genuisse
605 989 702 1072 dixit,
727 992 760 1054 et
783 989 952 1054 verisimile
974 993 1023 1054 est
1047 987 1251 1055 Aristotelem
1274 989 1397 1075 sophis·

211 1097 316 1158 tarum
347 1093 517 1179 discipulos
548 1093 745 1180 significare,
777 1094 832 1160 ubi
857 1095 935 1159 dicit
960 1094 1134 1160 nonnullos
1157 1095 1339 1162 servitutem
1363 1098 1401 1160 ut

212 1201 345 1264 naturae
367 1203 600 1285 repugnantem
623 1205 656 1266 et
681 1221 810 1285 prorsus
833 1200 987 1286 injustam
1012 1199 1156 1286 rejecisse
1168 1201 1204 1289 ⁹).

255 1303 402 1390 Apparet
427 1326 504 1390 ergo
528 1307 563 1372 in
586 1304 637 1371 his
660 1327 787 1392 quoque
807 1304 994 1391 Euripidem
1014 1306 1055 1371 ad
1077 1307 1226 1374 rectiores
1243 1309 1399 1374 recentio-

211 1431 282 1474 rum
305 1411 471 1476 hominnm
495 1411 661 1497 opiniones
683 1413 768 1478 riam
791 1414 994 1478 monstrasse.

624 1631 643 1706 ἓ
667 1628 699 1693 3.
732 1625 783 1692 De
806 1627 987 1716 Republica.

545 1836 573 1877 a.
611 1809 753 1876 Otium
777 1809 1059 1896 Euripideum.

253 1962 294 2027 In
314 1985 350 2028 eo
371 1963 493 2048 capite,
514 1965 599 2049 quod
619 1968 667 2029 est
686 1965 724 2028 de
743 1961 906 2048 Euripidis
917 1964 1075 2040 moribus,
1088 1964 1192 2029 obiter
1202 1964 1314 2029 monui
1325 1986 1395 2030 eum

211 2090 384 2155 numquam
417 2069 619 2154 capessivisse
652 2066 881 2154 rempublicam
918 2069 972 2134 sed
1005 2070 1118 2135 studiis
1151 2070 1226 2134 solis
1258 2091 1396 2138 measse.

209 2173 281 2239 Hoc
305 2175 425 2253 otium,
450 2177 540 2240 cuins
564 2175 701 2260 primum
725 2175 905 2259 exemplum
929 2173 1140 2260 Anaxagoras
1162 2176 1308 2254 dederat,
1329 2198 1396 2242 non

210 2284 337 2366 poterat
358 2281 436 2366 quin
461 2282 637 2346 offenderet
659 2280 743 2346 ciues
765 2279 979 2346 Athenienses
1006 2279 1041 2345 in
1059 2280 1243 2346 muneribus
1261 2281 1396 2366 publicis

210 2387 410 2472 potissimum
444 2392 633 2473 occupatos,
667 2385 845 2472 quibusque
879 2386 1036 2472 quidlibet
1070 2387 1177 2472 potins
1209 2409 1393 2472 persuasum

209 2499 290 2558 esset
323 2515 418 2578 quam
454 2492 533 2557 illud
565 2491 720 2558 Senecae:
752 2493 830 2576 »qui
861 2493 942 2557 nihil
973 2513 1067 2577 egere
1095 2493 1245 2558 ridentur
1274 2493 1394 2558 maiora

208 2603 325 2683 agunt:
351 2599 492 2663 humana
516 2599 685 2683 divinaque
708 2598 802 2663 simul
825 2599 1000 2663 tractant.”
1030 2597 1099 2675 Qua
1121 2599 1243 2664 invidia
1264 2599 1395 2686 cognita

208 2704 376 2789 Euripides
417 2706 500 2768 vitae
543 2727 617 2768 suae
649 2704 806 2768 rationem
842 2704 1008 2769 defendere
1042 2705 1227 2790 civibusque
1259 2705 1394 2790 probare

208 2811 342 2876 voluisse
384 2811 518 2876 videtur.
565 2810 604 2874 In
633 2809 758 2894 perdita
787 2810 873 2875 enim
907 2811 1072 2896 tragoedia
1105 2809 1247 2895 Antiopa
1280 2810 1393 2878 fratres

205 2917 338 2982 Zethum
373 2922 406 2982 et
441 2916 657 3001 Amphionem
691 2917 730 2980 de
766 2917 825 2982 hac
860 2939 894 2982 re
929 2917 1129 3003 disputantes
1160 2917 1294 2982 inducit.
1334 2917 1394 2984 Ille

203 3023 313 3087 laudat
332 3024 431 3088 vitam
452 3023 615 3099 rusticam,
637 3022 815 3107 publicam,
838 3022 998 3106 bellicam,
1019 3022 1214 3107 fratremque
1225 3022 1286 3088 hoc
1298 3026 1394 3089 modo

203 3129 306 3213 carpit
329 3129 382 3214 (tr.
409 3129 492 3205 187;
517 3131 604 3213 apud
627 3127 715 3194 Stob.
740 3125 825 3192 Elor.
852 3128 912 3206 30,
939 3130 988 3208 ll:
1013 3127 1070 3195 »Si
1093 3129 1164 3215 quie
1181 3128 1267 3194 victu
1288 3129 1391 3194 abun·

204 3235 283 3300 dans
314 3257 364 3300 res
390 3235 580 3299 domesticas
601 3233 739 3318 negligit
761 3237 794 3298 el
817 3238 915 3299 cantu
938 3235 1113 3300 delectatus
1135 3233 1210 3299 huic
1232 3235 1295 3298 arti
1317 3238 1392 3300 tan·

204 3345 270 3414 inm
304 3344 411 3418 vacat,
444 3339 570 3405 inutilis
602 3342 696 3404 domo
728 3342 761 3404 et
792 3340 985 3425 reipublicae
1012 3341 1083 3417 fiet,
1107 3339 1277 3424 amicisque
1300 3340 1394 3406 nihili

203 3449 280 3524 erit;
317 3447 496 3532 languescit
529 3446 715 3530 ingenium,
752 3445 850 3531 siquis
885 3446 975 3511 molli
1005 3446 1122 3531 gaudio
1151 3445 1283 3510 inferior
1313 3445 1393 3512 est”.

204 3551 372 3638 ›Negligis
392 3552 426 3617 id
450 3552 501 3616 cni
523 3573 651 3636 operam
675 3551 750 3617 dare
774 3551 927 3635 debebas,
953 3552 1147 3636 ingenioque
1164 3550 1283 3616 illustri
1301 3573 1393 3636 prae-

204 3658 289 3722 ditus
320 3657 423 3744 ligura
454 3658 601 3723 muliebri
632 3656 774 3736 enites‚”
806 3658 921 3742 quibus
952 3656 1057 3722 verbis
1088 3657 1225 3722 laudatis
1248 3655 1394 3722 Callicles

204 3785 330 3849 quoqne
349 3763 511 3830 Socratem
526 3765 623 3828 avita
641 3763 743 3828 otiosa
763 3766 805 3827 ad
823 3764 921 3829 vitam
942 3761 1102 3847 publicam
1123 3767 1305 3829 convertere
1324 3767 1393 3828 stu·

204 3872 258 3934 det
281 3869 394 3955 (Gorg.
418 3890 472 3956 pg.
496 3869 638 3958 485E.).

249 3975 414 4061 Amphion
443 3979 555 4042 contra
583 3975 633 4041 his
664 3976 769 4042 serbis
801 3975 899 4041 vitam
932 3998 1021 4042 snam
1050 3975 1194 4043 edenda
1215 3975 1268 4064 (ir.
1295 3977 1392 4064 194J:

238 4199 265 4264 1)
275 4199 355 4250 Unum
374 4198 419 4249 hoc
435 4196 559 4264 Sophoclis
573 4197 603 4246 fr.
619 4195 689 4261 (077.
703 4212 740 4263 ap.
757 4196 843 4260 Diod.)
859 4212 896 4264 ap.
911 4196 977 4248 scon
992 4198 1033 4258 08,
1047 4196 1394 4264 nemorumnemorum

202 4285 292 4346 poteris
512 4277 535 4328 al
553 4283 628 4340 etipsa
645 4276 745 4336 amaa,
764 4276 826 4326 ἀλλ’
844 4277 858 4326 δ
876 4281 930 4338 vde
946 4275 1078 4342 indispar.

239 4363 343 4414 Videtur
364 4367 445 4414 tannen
471 4362 501 4410 ad
524 4376 597 4410 unam
618 4365 713 4412 tanturn
739 4375 864 4426 perenm
886 4361 1018 4427 mnam,
1040 4377 1116 4427 neque
1139 4359 1260 4422 universa,
1278 4365 1394 4428 quantun

202 4443 303 4504 nimus,
320 4445 375 4494 inde
391 4445 487 4495 ducitur
502 4443 627 4492 ”utentia

235 4527 264 4592 0)
288 4527 340 4578 Pol.
365 4528 385 4578 1.
410 4529 432 4578 8.
462 4525 549 4578 12000
572 4525 612 4576 00.
630 4525 708 4576 Eallnr
724 4527 794 4593 putat
813 4529 866 4592 (pg.
884 4525 962 4594 1007)
978 4541 1018 4578 eos
1035 4527 1082 4578 niti
1098 4526 1228 4595 acpblotica
1243 4527 1395 4580 distinctione

202 4611 276 4672 νόμον
293 4611 318 4660 ct
335 4606 439 4674 φύσιας.

1213 4710 1245 4762 12
