3418 5356
876 461 919 529 90

297 665 380 730 sqq.‚
407 643 493 710 1073
509 629 596 730 sqq„
619 642 682 730 Ag.
707 642 750 709 56
774 645 867 732 sqq.).
891 643 975 710 Deos
999 644 1116 729 ubique
1139 640 1376 729 potentissimos
1396 665 1492 728 prae-

300 750 403 828 dicat3
426 750 569 816 humana
591 749 698 815 onrnia
720 751 792 816 θεῶν
816 753 846 816 ἐν
870 751 1001 830 γούνασι
1026 758 1137 817 κεῖται.

346 856 448 933 Quare
479 857 563 943 apud
590 879 663 922 eum
686 880 811 943 quoque
834 859 1003 923 abundant
1026 857 1169 942 exempla
1191 856 1357 921 hominum
1381 877 1491 940 super-

301 964 433 1042 borum,
458 964 513 1048 qui
537 985 635 1049 quum
654 963 728 1030 deos
749 969 991 1032 contemnerent
1011 965 1168 1049 nimisque
1189 963 1254 1028 suis
1273 963 1394 1028 viribus
1415 984 1494 1029 con-

301 1070 437 1136 fiderent
461 1071 510 1136 vel
533 1071 572 1136 ad
596 1073 716 1137 statum
740 1072 942 1137 excelsiorem
962 1094 1058 1157 quam
1077 1091 1134 1156 pro
1153 1092 1259 1135 rarum
1279 1068 1493 1135 humanarum

302 1175 477 1262 fragilitate
504 1178 689 1262 tenderent,
713 1179 847 1263 pessime
869 1179 1041 1264 perierunt.
1066 1177 1179 1243 Xerxis
1203 1179 1345 1262 potestas
1368 1176 1494 1262 frangi-

301 1286 355 1347 tur
384 1283 461 1367 quia
490 1282 677 1371 Neptunum
708 1284 890 1350 verberibus
922 1285 1050 1350 caedere
1073 1283 1172 1370 (Pers.
1200 1283 1373 1370 ldbsqq.)
1398 1305 1494 1348 ausus

302 1383 356 1454 est
380 1411 483 1475 neque
508 1390 544 1455 in
567 1389 700 1456 Graecia
723 1391 1003 1476 deorumternplis
1029 1391 1171 1477 pepercit
1193 1390 1283 1476 (ibid.
1310 1390 1375 1456 809
1399 1391 1495 1474 sqq.).

302 1493 469 1562 Exercitus
498 1496 665 1562 Persarum
690 1500 774 1582 apud
796 1497 942 1563 Plataeas
964 1497 1107 1563 devictus
1130 1496 1227 1562 tacite
1250 1498 1360 1562 monet
1384 1495 1496 1582 (820):

391 1689 393 1694 Α
529 1605 568 1675 ὡς
592 1605 653 1686 οὐχ
676 1603 813 1684 ὑπέρφευ
836 1604 938 1677 θνκτθν
962 1601 1037 1668 όντα
1059 1605 1121 1686 χρὴ
1146 1611 1276 1682 Φρονεῑν.
1588 1607 1591 1612 ’

250 1747 255 1756 1
349 1704 551 1794 Capaneum,
580 1732 653 1776 oum
682 1711 788 1795 ipsum
818 1709 932 1780 Jovem
955 1710 1059 1774 verbis
1083 1708 1299 1775 audacissimis
1323 1711 1494 1794 provocat,

304 1836 379 1880 mox
401 1816 578 1901 periturum
603 1838 669 1882 esse
690 1798 899 1902 intelligimus
922 1815 1023 1902 (Sept.
1048 1817 1115 1882 444
1138 1818 1199 1902 sq.)
1212 1813 1248 1896 ¹).

441 1922 517 1996 Ζεθς
544 1946 587 1989 τοι
611 1922 766 1999 κολοθστης
790 1930 848 1988 τῶν
867 1923 1047 2002 ‘caeruleae
1071 1921 1159 2001 θγαν

441 2029 642 2110 Φροννμοθταν
666 2028 789 2095 ἔπεστιν
813 2028 930 2102 εὔθυνος
955 2030 1064 2110 βαρύς.
1088 2029 1187 2116 (Pera.
1215 2029 1279 2093 827
1304 2030 1377 2116 sq.).
1413 2023 1416 2029 ⁴

351 2136 471 2204 Verum
491 2139 600 2222 aperta
618 2135 736 2201 refellit
752 2140 847 2222 poeta
866 2137 1051 2221 opinionem
1070 2136 1254 2221 popularem
1277 2134 1318 2199 ab
1331 2133 1496 2200 Herodoto

305 2243 504 2310 enuntiatam
535 2243 637 2329 ipsam
661 2242 843 2309 felicitatem
868 2243 1175 2328 prosperitatemque
1198 2240 1395 2306 calamitates
1419 2260 1497 2304 oon·

305 2350 449 2427 trahere3
467 2351 570 2435 justos
582 2350 666 2415 enim
677 2353 920 2435 moderatosque
932 2349 1078 2414 homines
1091 2349 1151 2413 diis
1163 2369 1229 2412 non
1241 2348 1366 2412 odiosos
1377 2368 1444 2412 esse
1457 2344 1497 2432 ¹).

350 2453 404 2522 Dii
424 2457 465 2522 ab
485 2479 522 2522 ec
540 2457 702 2542 improbos
722 2457 836 2543 punire
850 2457 959 2542 probis
972 2458 1080 2522 adesse
1092 2455 1253 2521 dicuntur.
1265 2453 1393 2539 Jupiter
1405 2452 1498 2518 malis

306 2563 456 2649 injuriam
482 2563 598 2643 infert,
622 2564 714 2630 bonis
734 2565 823 2649 justa
846 2565 902 2628 dat
924 2562 1049 2649 (Suppl.
1074 2563 1141 2627 403
1165 2562 1237 2648 sq.).
1262 2559 1421 2637 Quamdiu
1443 2559 1500 2625 ille

306 2669 457 2756 regnabit
479 2669 530 2735 lex
554 2671 615 2734 erit
638 2692 709 2735 eum
732 2670 788 2754 qui
819 2667 975 2734 fecerit
1001 2669 1133 2734 scelesta
1156 2668 1252 2732 etiam
1277 2688 1498 2752 passurum

307 2799 373 2843 asse
386 2776 410 2863 ³)
440 2775 516 2863 (Ag.
549 2776 670 2862 1563);
695 2776 814 2860 impius
836 2774 908 2859 ille,
933 2774 989 2860 qui
1012 2774 1093 2840 dixit
1120 2775 1196 2839 deos
1220 2795 1288 2839 non
1312 2794 1421 2839 curare
1444 2795 1499 2838 sa-

308 2883 441 2968 crilegos
464 2883 552 2969 (ibid.
580 2883 644 2948 369
668 2882 763 2967 squ).

351 2988 419 3055 Nec
440 2993 548 3055 tamen
567 2989 654 3074 ipsos
673 2988 747 3054 deos
768 2988 885 3074 ubique
903 2988 1046 3054 insontes
1059 2987 1215 3074 producit.
1228 2987 1322 3052 Plato
1334 2986 1384 3052 vel
1397 2985 1498 3052 areeri

308 3119 423 3163 eumn
453 3117 548 3162 scena
581 3095 691 3181 jussit,
723 3096 809 3182 quod
840 3096 970 3161 deorum
1000 3093 1124 3180 flagitia
1153 3097 1261 3181 aperte
1285 3093 1447 3158 exhiberet
1459 3093 1499 3180 ⁴).

307 3202 383 3270 Non
395 3202 450 3289 pio
462 3203 568 3269 animo
583 3203 762 3288 potentiam
773 3224 883 3268 eorum
894 3206 1081 3281 veneratur,
1094 3223 1243 3287 quaerere
1254 3201 1407 3266 omittens
1418 3223 1498 3265 uum

306 3310 457 3376 virtutem
491 3332 615 3397 semper
649 3309 775 3387 colant;
810 3331 920 3375 verum
954 3309 1034 3374 vitia
1065 3307 1328 3394 indignabundus
1362 3306 1496 3372 indicat.

342 3536 370 3601 1)
387 3535 545 3602 Amphiaraus
561 3537 645 3586 contra
661 3534 691 3585 ob
707 3533 822 3601 pietatem
838 3535 978 3584 metuendus
996 3532 1097 3583 habetur
1111 3530 1269 3583 novenarius.

342 3619 368 3682 2)
381 3619 426 3684 Ag.
441 3618 502 3671 tto:
538 3617 750 3681 παλαίφατος
767 3615 790 3665 δ’
808 3613 833 3666 ἐν
851 3617 950 3679 βροτσῖς
966 3613 1043 3679 picus
1060 3616 1137 3678 λόγος

507 3697 645 3758 τθτνκται,
663 3698 744 3764 μθγαν
761 3696 919 3749 τελεσθόντα
935 3697 1019 3762 φατὸς
1031 3695 1108 3762 ’όλβσν

507 3785 657 3833 τεκνοῦσθαι
674 3781 733 3846 μήδ’
749 3780 846 3834 uenata
863 3779 984 3839 θνήσκειν,

508 3859 537 3916 in
553 3863 576 3914 δ’
593 3864 690 3930 danlae
707 3863 795 3930 τόχας
810 3863 878 3929 γόνεε
935 3877 936 3880 ’

507 3947 660 4012 βλαστάνειν
677 3947 810 4012 ἀκόρεστον
828 3944 905 4012 οἷζθν.

508 4025 588 4095 lixa
604 4027 740 4081 θ’όλλαν
758 4031 919 4093 μονόφρων
933 4025 1006 4089 εἰμί.
1022 4027 1053 4077 τὸ
1071 4023 1194 4090 δυσσεβὲς
1207 4025 1258 4089 γαρ
1270 4021 1342 4088 ’ἔργον

509 4115 576 4177 μετὰ
594 4112 639 4175 μὶν
656 4111 872 4178 σιλεόσναῆτόκτιι,
888 4106 1000 4177 σφετθρρι
1017 4108 1040 4158 δ’
1059 4108 1145 4163 εἰκότα
1162 4105 1245 4174 γέννα.

509 4194 580 4248 όόκαν
597 4191 620 4246 θ’
637 4193 676 4258 θόρ’
694 4192 822 4245 εθθνθόκαν

509 4279 647 4338 καλλίπαις
664 4279 762 4342 πότμος
778 4276 826 4328 aul.

341 4365 377 4416 Ol.
397 4366 462 4416 Parc.
478 4360 527 4417 772
543 4365 572 4414 dc
589 4361 647 4428 Gyri
662 4360 788 4412 reddata
806 4358 859 4419 θεὸς
876 4360 925 4423 γαρ
943 4356 987 4409 οθκ
1004 4354 1107 4422 θχθκρεν
1125 4355 1157 4416 ὡς
1178 4353 1270 4421 cllocem
1284 4353 1345 4420 θφν.

341 4450 367 4510 8)
383 4447 420 4498 (ll.
437 4449 560 4514 practerea
576 4444 659 4512 Suppl.
676 4442 708 4495 27
726 4460 760 4509 sq.
778 4441 826 4498 707
843 4459 893 4510 sqq.
911 4444 956 4508 Ag.
974 4441 1035 4491 461.

335 4531 365 4596 4)
382 4531 451 4596 Rce'p
469 4529 504 4580 Π.
522 4545 562 4597 pg.
580 4529 643 4579 88&
660 4525 701 4578 ubi
718 4526 761 4577 hor
778 4541 812 4577 vs.
829 4526 889 4577 citat
906 4526 948 4588 (tr.
965 4525 1014 4575 281
1039 4523 1102 4590 apud
1118 4525 1161 4588 D.)

575 4610 646 4677 κθόγσ)
663 4610 694 4661 σθ
711 4609 803 4675 Φοόβον
820 4607 881 4659 θεῖον
896 4605 1005 4670 &brudle
1019 4606 1106 4670 στόμα
