3418 5356
872 402 915 466 72

344 582 479 650 Constat
497 589 658 670 praeterea
677 583 754 668 hoc,
776 585 841 650 sive
860 585 944 649 idem
964 584 1073 650 docuit
1086 583 1484 671 Anaxagoras,sirepug·

300 691 429 769 nantia,
454 690 583 776 tragicis
606 693 715 755 tamen
733 691 885 756 usitatum
908 690 1006 756 fuisse
1029 691 1202 776 placitum,
1226 690 1380 776 siquidem
1404 694 1488 777 apud

300 798 494 882 Aeschylum
524 818 649 882 quoque
675 798 710 861 in
743 796 973 862 Eumenidibns
1004 798 1083 883 (658
1115 801 1199 883 sqq.)
1231 797 1348 882 Apollo
1382 819 1420 862 ex
1450 818 1486 864 eo

299 905 522 990 gravissimum
550 903 633 988 petit
655 907 878 989 argumentum
903 904 943 967 ad
967 907 1180 968 excusandum
1206 903 1325 968 Orestis
1348 904 1488 969 matrici·

299 1013 397 1078 dium.
417 1011 524 1076 Poetis
534 1009 677 1095 profecto
688 1010 723 1074 in
735 1013 885 1095 promptu
897 1031 964 1075 esse
976 1010 1086 1074 debuit
1097 1010 1291 1094 comparatio
1303 1009 1403 1095 patris
1414 1030 1486 1075 cum

299 1126 419 1194 satore,
444 1117 553 1182 matris
575 1136 647 1181 cum
672 1137 750 1201 agro
773 1115 937 1200 recipienti
956 1119 989 1180 et
1008 1115 1172 1181 nutrienti.
1194 1116 1292 1199 Apud
1310 1114 1484 1180 Homerum

300 1227 333 1289 et
362 1223 539 1288 Hesiodum
569 1224 726 1307 quantum
761 1222 826 1287 scio
858 1222 924 1286 eius
955 1222 1135 1306 exemplum
1159 1222 1282 1287 nullum
1306 1221 1484 1299 invenitur,

299 1330 353 1396 sed
373 1328 568 1413 temporibus
580 1328 727 1394 Pericleis
739 1327 773 1392 in
786 1349 839 1392 ore
851 1328 994 1392 omnium
1006 1332 1075 1392 erat
1086 1373 1094 1405 ‚
1107 1328 1266 1412 verbaque
1279 1327 1384 1407 άροῢν,
1397 1328 1486 1393 σπεί-

298 1459 374 1516 ρειν,
396 1437 541 1515 Φυτεάενν
559 1435 677 1520 passim
698 1435 935 1519 usurpabantur
947 1455 1005 1518 pro
1018 1438 1139 1510 γεννᾶν.
1154 1432 1299 1517 Exempli
1311 1454 1358 1518 gr.
1374 1433 1485 1500 Aesch.

299 1543 385 1627 Sept.
404 1543 467 1608 752
478 1565 487 1609 t
500 1541 571 1608 ders
584 1544 699 1620 ματρὸς
713 1543 815 1618 syces
828 1543 955 1621 σπείρας
968 1538 1094 1623 άρουραν
1106 1588 1113 1619 ,
1127 1539 1222 1625 Soph.
1238 1540 1314 1605 Oed.
1327 1541 1368 1606 R.
1384 1540 1487 1606 1256:

298 1649 442 1731 μητρῴαν
465 1652 491 1716 δ’
515 1646 590 1715 ὅπου
615 1651 697 1729 κίχον
722 1649 832 1724 διπλῆν
855 1648 1000 1729 άρουραν,
1025 1644 1059 1713 οὖ
1084 1673 1118 1712 σε
1143 1650 1195 1712 καὶ
1220 1646 1328 1712 τέκνων
1342 1646 1380 1733 1).

342 1755 428 1822 Haec
451 1757 611 1843 quaestio,
623 1756 701 1841 quid
714 1759 813 1822 mater
827 1759 868 1820 ad
879 1756 1120 1840 generationem
1135 1753 1295 1839 conferat,
1310 1754 1378 1819 sine
1390 1753 1487 1819 dubio

295 1861 381 1928 inter
400 1864 587 1928 eruditiores
606 1862 672 1927 eius
684 1861 835 1947 temporis
844 1863 912 1947 jam
925 1862 1061 1926 multum
1073 1863 1214 1925 tractata
1228 1864 1305 1926 erat.
1318 1863 1361 1928 Et
1373 1883 1489 1946 qnam-

296 1990 393 2054 quam
423 1969 477 2034 vix
505 1989 563 2054 pro
594 1972 679 2033 certo
710 1971 816 2052 potest
846 1968 950 2057 statui
972 1968 1044 2052 quis
1067 1967 1187 2051 primus
1209 1967 1392 2033 huiusmodi
1415 1989 1488 2033 sen-

298 2076 433 2140 tentiam
458 2076 663 2160 expresserit,
686 2073 871 2160 Euripidem
902 2078 1028 2153 tamen,
1058 2096 1153 2159 quem
1178 2096 1270 2159 saepe
1292 2073 1487 2159 Aeschylum

297 2183 450 2268 respicere
471 2184 626 2266 vidimus,
645 2181 707 2247 hac
728 2183 763 2248 in
786 2204 820 2248 re
843 2181 1010 2247 scenica
1034 2184 1076 2246 ad
1100 2180 1243 2247 Orestem
1265 2202 1391 2266 quoque
1414 2203 1487 2266 per-

297 2289 440 2368 tinente,
470 2293 622 2374 poetae
651 2288 758 2374 potius
784 2288 965 2372 exemplum
987 2287 1048 2353 sibi
1069 2288 1262 2354 imitandum
1285 2287 1487 2373 proposuisse

298 2416 394 2480 quarn
426 2396 558 2461 alicuius
588 2394 770 2480 physiologi
799 2394 943 2479 uestigiis
972 2395 1152 2480 ingressum
1182 2416 1248 2460 esse
1270 2395 1384 2479 quouis
1408 2415 1486 2460 con-

297 2501 466 2568 tenderim.

343 2715 496 2782 Nostrum
528 2714 718 2801 multiplicia
744 2713 982 2798 disciplinarum
1005 2735 1123 2800 genera
1145 2713 1300 2780 delibasse
1322 2717 1486 2799 praeterea

298 2822 439 2887 declarat
460 2823 618 2887 sententia
641 2843 721 2906 quae
744 2825 845 2885 artem
868 2822 1023 2887 medicam
1047 2822 1199 2907 attingit,
1223 2823 1262 2888 ir.
1286 2845 1330 2888 sc.
1356 2820 1449 2907 (683)
1468 2844 1487 2886 e

299 2927 417 3012 Scyriis
440 2933 619 2994 servatum:
1422 2941 1423 2944 ’

418 3037 435 3110 ἠ
460 3042 536 3107 σαῖς
561 3043 644 3100 νοσεῖ
663 3039 716 3100 σοῦ
740 3035 958 3106 κάσννυνδάνυς
982 3033 1063 3119 ἔχει.

416 3142 487 3222 πρὸς
512 3147 584 3218 τοῦς
609 3142 656 3213 τίς
681 3143 778 3216 αὐτὴν
802 3144 922 3218 πημονὴ
946 3142 1143 3225 δαμάζετανρ

418 3255 482 3326 μῶν
501 3249 611 3328 κρυμὸς
633 3251 730 3324 αὐτῆς
751 3250 869 3327 πλευρά
882 3248 1035 3330 γυμνάζει
1048 3258 1165 3334 mhi&
1181 3249 1275 3336 (χολῇ
1288 3249 1418 3335 Valck.)

343 3355 454 3420 Artem
478 3356 632 3420 medicam
657 3354 732 3419 belli
755 3355 1014 3440 Peloponnesiaci
1036 3355 1232 3441 temporibus
1252 3377 1324 3420 vere
1343 3355 1488 3420 condidit

298 3466 331 3526 et
361 3463 499 3528 excoluit
528 3462 742 3547 Hippocrates
776 3459 876 3544 Cous,
910 3463 965 3546 qui
996 3463 1115 3547 fertur,
1139 3485 1332 3549 quamquam
1355 3463 1487 3528 incertis

298 3569 504 3647 testimoniis,
533 3568 670 3634 Athenis
694 3569 812 3633 multos
835 3569 1018 3652 pestilentia
1041 3569 1223 3635 laborantes
1245 3591 1383 3635 sanasse.
1408 3569 1488 3635 Phi·
1604 3625 1608 3632 .

298 3674 503 3760 losophorum
537 3677 643 3740 tamen
679 3674 821 3760 plerique
856 3674 997 3740 eiusdem
1031 3677 1108 3741 artis
1144 3698 1385 3762 nonnumquam
1420 3677 1487 3742 sin-

299 3782 391 3867 gulas
421 3785 527 3867 partes
559 3783 752 3852 tractabant.
784 3781 934 3866 Superest
964 3781 1025 3846 hoc
1057 3782 1237 3848 Aristotelis
1268 3783 1486 3848 testimonium

299 3888 352 3973 (de
371 3892 454 3974 part.
475 3887 584 3954 Anim.
605 3887 665 3953 IV.
690 3890 742 3974 2):
763 3891 815 3953 οὐκ
835 3890 919 3967 ὀρθῶς
941 3887 968 3952 δ’
991 3889 1123 3954 ἐοίκασιν
1147 3891 1180 3955 οἱ
1204 3887 1488 3968 περὶ”Αναξα-

299 3994 423 4074 νάραν
456 3993 691 4072 ὑπολαμβάνειν
723 3997 761 4064 ὥς
794 3996 898 4060 αἰτίαν
921 3992 1013 4060 οὖσαν
1037 3998 1095 4062 σῶν
1118 3994 1206 4072 ὀξέων
1231 3995 1410 4073 νοσημάτων
1433 3996 1488 4070 σὺν

299 4103 447 4181 χολήν·
480 4100 739 4180 ὑπερβάλλουσαν
771 4102 834 4181 γὰρ
863 4102 1051 4182 άπορραίνεον
1082 4100 1153 4180 πρός
1185 4127 1220 4166 σε
1252 4103 1303 4169 τὸν
1332 4102 1489 4177 πνεύμονα

300 4207 352 4270 καὶ
373 4209 430 4277 τοὶς
452 4207 580 4287 φλέβας
601 4207 653 4270 καὶ
671 4206 730 4276 τάς
756 4208 912 4286 σλουρά
925 4232 949 4278 ς.
975 4205 1068 4274 Dicas
1089 4207 1168 4274 haec
1187 4208 1342 4293 respicere
1357 4207 1395 4275 fr.
1408 4209 1487 4272 illud

300 4335 396 4398 supra
419 4314 569 4392 allatum,
590 4313 648 4380 -ubi
670 4313 767 4378 etiem
790 4312 834 4378 fel
858 4313 1011 4380 lateribus
1034 4335 1145 4380 nocere
1161 4315 1297 4381 dicitur.
1322 4315 1404 4380 Tum
1429 4315 1488 4380 ob·

309 4469 486 4482 -——*—

335 4538 359 4598 1)
377 4536 413 4586 Cf.
431 4541 553 4602 praeterea
570 4539 642 4604 Soph.
660 4540 689 4587 0.
709 4539 737 4588 n.
758 4538 835 4597 1212,
855 4537 919 4591 1497
936 4553 980 4603 eq.‚
996 4537 1081 4588 reon
1099 4539 1131 4588 ³2
1147 4555 1182 4604 sq.
1304 4603 1305 4608 ¹
