<?xml version="1.0" encoding="UTF-8"?>
<!DOCTYPE html PUBLIC "-//W3C//DTD XHTML 1.0 Transitional//EN"
    "http://www.w3.org/TR/xhtml1/DTD/xhtml1-transitional.dtd">
<html xmlns="http://www.w3.org/1999/xhtml" xml:lang="en" lang="en">
 <head>
  <title>
</title>
<meta http-equiv="Content-Type" content="text/html;charset=utf-8" />
  <meta name='ocr-system' content='tesseract 3.04.00' />
  <meta name='ocr-capabilities' content='ocr_page ocr_carea ocr_par ocr_line ocrx_word'/>
</head>
<body>
  <div class='ocr_page' id='page_1' title='image "./commentatiodeeu00berlgoog_0118.png"; bbox 0 0 3418 5356; ppageno 0'>
   <div class='ocr_carea' id='block_1_1' title="bbox 771 463 835 529">
    <p class='ocr_par' dir='ltr' id='par_1_1' title="bbox 771 463 835 529">
     <span class='ocr_line' id='line_1_1' title="bbox 771 463 835 529; baseline 0.047 -3"><span class='ocrx_word' id='word_1_1' title='bbox 771 463 835 529; x_wconf 88' lang='grc'><strong>103</strong></span> 
     </span>
    </p>
   </div>
   <div class='ocr_carea' id='block_1_2' title="bbox 204 643 1455 1372">
    <p class='ocr_par' dir='ltr' id='par_1_2' title="bbox 204 643 1455 1372">
     <span class='ocr_line' id='line_1_2' title="bbox 315 643 1252 734; baseline 0.01 -27"><span class='ocrx_word' id='word_1_2' title='bbox 315 643 333 720; x_wconf 75' lang='grc' dir='ltr'><strong><em>ἦ</em></strong></span> <span class='ocrx_word' id='word_1_3' title='bbox 355 643 445 723; x_wconf 67' lang='grc' dir='ltr'><strong>μέγα</strong></span> <span class='ocrx_word' id='word_1_4' title='bbox 468 665 519 722; x_wconf 78' lang='grc' dir='ltr'><strong>μοι</strong></span> <span class='ocrx_word' id='word_1_5' title='bbox 543 645 586 709; x_wconf 75' lang='lat' dir='ltr'><strong>rol</strong></span> <span class='ocrx_word' id='word_1_6' title='bbox 610 645 680 710; x_wconf 78' lang='grc' dir='ltr'><strong><em>ύεῶν</em></strong></span> <span class='ocrx_word' id='word_1_7' title='bbox 704 646 897 722; x_wconf 70' lang='grc' dir='ltr'><strong><em>μελιδύμαύ</em></strong></span> <span class='ocrx_word' id='word_1_8' title='bbox 922 645 995 715; x_wconf 74' lang='grc' dir='ltr'><strong><em>ὅταν</em></strong></span> <span class='ocrx_word' id='word_1_9' title='bbox 1020 649 1133 734; x_wconf 69' lang='grc' dir='ltr'><strong><em>Φρύνας</em></strong></span> <span class='ocrx_word' id='word_1_10' title='bbox 1160 650 1252 734; x_wconf 68' lang='lat' dir='ltr'><strong>illyr,</strong></span> 
     </span>
     <span class='ocr_line' id='line_1_3' title="bbox 319 749 1146 830; baseline 0.005 -13"><span class='ocrx_word' id='word_1_11' title='bbox 319 751 423 824; x_wconf 77' lang='grc' dir='ltr'><strong><em>λύσας</em></strong></span> <span class='ocrx_word' id='word_1_12' title='bbox 449 760 608 830; x_wconf 72' lang='grc' dir='ltr'><strong><em>παραινεῖ·</em></strong></span> <span class='ocrx_word' id='word_1_13' title='bbox 631 749 748 827; x_wconf 75' lang='grc' dir='ltr'><strong><em>ξύνεσιν</em></strong></span> <span class='ocrx_word' id='word_1_14' title='bbox 774 752 805 818; x_wconf 74' lang='grc' dir='ltr'><strong>δέ</strong></span> <span class='ocrx_word' id='word_1_15' title='bbox 829 753 886 819; x_wconf 79' lang='grc' dir='ltr'><strong><em>τιν’</em></strong></span> <span class='ocrx_word' id='word_1_16' title='bbox 911 757 1012 822; x_wconf 67' lang='grc' dir='ltr'><strong><em>ἐλπίδι</em></strong></span> <span class='ocrx_word' id='word_1_17' title='bbox 1036 756 1146 823; x_wconf 81' lang='grc' dir='ltr'><strong><em>ιιεύύιιν</em></strong></span> 
     </span>
     <span class='ocr_line' id='line_1_4' title="bbox 317 856 1319 942; baseline 0.01 -20"><span class='ocrx_word' id='word_1_18' title='bbox 317 857 466 935; x_wconf 73' lang='grc' dir='ltr'><strong>λείπομαι</strong></span> <span class='ocrx_word' id='word_1_19' title='bbox 491 856 520 922; x_wconf 70' lang='grc' dir='ltr'><strong>ἓν</strong></span> <span class='ocrx_word' id='word_1_20' title='bbox 544 881 581 922; x_wconf 80' lang='grc' dir='ltr'><strong>σε</strong></span> <span class='ocrx_word' id='word_1_21' title='bbox 604 857 719 938; x_wconf 78' lang='grc' dir='ltr'><strong><em>τύχαις</em></strong></span> <span class='ocrx_word' id='word_1_22' title='bbox 743 860 855 924; x_wconf 73' lang='grc' dir='ltr'><strong><em>θνατῶν</em></strong></span> <span class='ocrx_word' id='word_1_23' title='bbox 881 861 932 926; x_wconf 75' lang='grc' dir='ltr'><strong>καὶ</strong></span> <span class='ocrx_word' id='word_1_24' title='bbox 958 863 989 927; x_wconf 75' lang='grc' dir='ltr'><strong>ἓν</strong></span> <span class='ocrx_word' id='word_1_25' title='bbox 1012 861 1149 942; x_wconf 75' lang='grc' dir='ltr'><strong>ἔργμασι</strong></span> <span class='ocrx_word' id='word_1_26' title='bbox 1174 863 1319 932; x_wconf 73' lang='grc' dir='ltr'><strong><em>λεύσσων.</em></strong></span> 
     </span>
     <span class='ocr_line' id='line_1_5' title="bbox 250 953 1455 1052; baseline 0.006 -24"><span class='ocrx_word' id='word_1_27' title='bbox 250 963 441 1029; x_wconf 71' lang='lat' dir='ltr'><strong>Huiusmodi</strong></span> <span class='ocrx_word' id='word_1_28' title='bbox 471 963 571 1048; x_wconf 84' lang='lat' dir='ltr'><strong>igitur</strong></span> <span class='ocrx_word' id='word_1_29' title='bbox 602 963 765 1028; x_wconf 74' lang='lat' dir='ltr'><strong>materiem</strong></span> <span class='ocrx_word' id='word_1_30' title='bbox 789 967 959 1031; x_wconf 83' lang='lat' dir='ltr'><strong>tractando</strong></span> <span class='ocrx_word' id='word_1_31' title='bbox 983 967 1065 1032; x_wconf 91' lang='lat' dir='ltr'><strong>nibil</strong></span> <span class='ocrx_word' id='word_1_32' title='bbox 1089 971 1185 1052; x_wconf 90' lang='lat' dir='ltr'><strong>poete</strong></span> <span class='ocrx_word' id='word_1_33' title='bbox 1209 971 1397 1035; x_wconf 87' lang='lat' dir='ltr'><strong>eouseeutus</strong></span> <span class='ocrx_word' id='word_1_34' title='bbox 1451 953 1455 965; x_wconf 53' lang='lat'><strong>¹</strong></span> 
     </span>
     <span class='ocr_line' id='line_1_6' title="bbox 205 1069 1395 1161; baseline 0.005 -26"><span class='ocrx_word' id='word_1_35' title='bbox 205 1073 254 1135; x_wconf 87' lang='lat' dir='ltr'><strong>est</strong></span> <span class='ocrx_word' id='word_1_36' title='bbox 283 1069 345 1134; x_wconf 91' lang='lat' dir='ltr'><strong>uisi</strong></span> <span class='ocrx_word' id='word_1_37' title='bbox 376 1071 414 1134; x_wconf 83' lang='lat' dir='ltr'><strong>ub</strong></span> <span class='ocrx_word' id='word_1_38' title='bbox 443 1069 518 1134; x_wconf 86' lang='lat' dir='ltr'><strong>deos</strong></span> <span class='ocrx_word' id='word_1_39' title='bbox 550 1070 733 1134; x_wconf 79' lang='lat' dir='ltr'><strong>ostenderet</strong></span> <span class='ocrx_word' id='word_1_40' title='bbox 760 1069 924 1154; x_wconf 89' lang='lat' dir='ltr'><strong>aliquanto</strong></span> <span class='ocrx_word' id='word_1_41' title='bbox 947 1074 1044 1137; x_wconf 85' lang='lat' dir='ltr'><strong>etiam</strong></span> <span class='ocrx_word' id='word_1_42' title='bbox 1067 1073 1277 1160; x_wconf 78' lang='lat' dir='ltr'><strong>improbiores</strong></span> <span class='ocrx_word' id='word_1_43' title='bbox 1300 1097 1395 1161; x_wconf 88' lang='lat' dir='ltr'><strong>quam</strong></span> 
     </span>
     <span class='ocr_line' id='line_1_7' title="bbox 205 1173 1397 1267; baseline 0.006 -28"><span class='ocrx_word' id='word_1_44' title='bbox 205 1174 301 1260; x_wconf 78' lang='lat' dir='ltr'><strong>vulgo</strong></span> <span class='ocrx_word' id='word_1_45' title='bbox 319 1197 385 1240; x_wconf 90' lang='lat' dir='ltr'><strong>esse</strong></span> <span class='ocrx_word' id='word_1_46' title='bbox 401 1175 629 1252; x_wconf 87' lang='lat' dir='ltr'><strong>eredebautur,</strong></span> <span class='ocrx_word' id='word_1_47' title='bbox 650 1173 794 1240; x_wconf 89' lang='lat' dir='ltr'><strong>homines</strong></span> <span class='ocrx_word' id='word_1_48' title='bbox 816 1179 930 1242; x_wconf 87' lang='lat' dir='ltr'><strong>eontra</strong></span> <span class='ocrx_word' id='word_1_49' title='bbox 945 1179 1151 1259; x_wconf 84' lang='lat' dir='ltr'><strong>innoeentes,</strong></span> <span class='ocrx_word' id='word_1_50' title='bbox 1170 1219 1211 1230; x_wconf 88' lang='lat'>-</span> <span class='ocrx_word' id='word_1_51' title='bbox 1231 1181 1279 1246; x_wconf 87' lang='lat' dir='ltr'><strong>ita</strong></span> <span class='ocrx_word' id='word_1_52' title='bbox 1290 1185 1397 1267; x_wconf 88' lang='lat' dir='ltr'><strong>utpro</strong></span> 
     </span>
     <span class='ocr_line' id='line_1_8' title="bbox 204 1282 1396 1372; baseline 0.005 -25"><span class='ocrx_word' id='word_1_53' title='bbox 204 1282 362 1348; x_wconf 84' lang='lat' dir='ltr'><strong>solutione</strong></span> <span class='ocrx_word' id='word_1_54' title='bbox 384 1302 480 1366; x_wconf 88' lang='lat' dir='ltr'><strong>quam</strong></span> <span class='ocrx_word' id='word_1_55' title='bbox 504 1284 670 1367; x_wconf 86' lang='lat' dir='ltr'><strong>quaereret</strong></span> <span class='ocrx_word' id='word_1_56' title='bbox 693 1282 789 1346; x_wconf 87' lang='lat' dir='ltr'><strong>etiam</strong></span> <span class='ocrx_word' id='word_1_57' title='bbox 813 1283 996 1349; x_wconf 80' lang='lat' dir='ltr'><strong>obscuriora</strong></span> <span class='ocrx_word' id='word_1_58' title='bbox 1016 1284 1177 1352; x_wconf 83' lang='lat' dir='ltr'><strong>inveniret</strong></span> <span class='ocrx_word' id='word_1_59' title='bbox 1195 1288 1396 1372; x_wconf 83' lang='lat' dir='ltr'><strong>aenigmata,</strong></span> 
     </span>
    </p>
   </div>
   <div class='ocr_carea' id='block_1_3' title="bbox 204 1387 1473 4654">
    <p class='ocr_par' dir='ltr' id='par_1_3' title="bbox 204 1387 1397 1561">
     <span class='ocr_line' id='line_1_9' title="bbox 204 1387 1397 1476; baseline 0.004 -22"><span class='ocrx_word' id='word_1_60' title='bbox 204 1392 236 1454; x_wconf 83' lang='lat' dir='ltr'><strong>eb</strong></span> <span class='ocrx_word' id='word_1_61' title='bbox 257 1389 325 1473; x_wconf 88' lang='lat' dir='ltr'><strong>ipse</strong></span> <span class='ocrx_word' id='word_1_62' title='bbox 350 1408 427 1472; x_wconf 79' lang='lat' dir='ltr'><strong>ergo</strong></span> <span class='ocrx_word' id='word_1_63' title='bbox 451 1387 554 1453; x_wconf 84' lang='lat' dir='ltr'><strong>multo</strong></span> <span class='ocrx_word' id='word_1_64' title='bbox 578 1387 681 1472; x_wconf 83' lang='lat' dir='ltr'><strong>magis</strong></span> <span class='ocrx_word' id='word_1_65' title='bbox 704 1409 800 1473; x_wconf 89' lang='lat' dir='ltr'><strong>quam</strong></span> <span class='ocrx_word' id='word_1_66' title='bbox 825 1394 920 1456; x_wconf 90' lang='lat' dir='ltr'><strong>autea</strong></span> <span class='ocrx_word' id='word_1_67' title='bbox 941 1391 1166 1476; x_wconf 80' lang='lat' dir='ltr'><strong>indignaretur</strong></span> <span class='ocrx_word' id='word_1_68' title='bbox 1185 1396 1317 1459; x_wconf 89' lang='lat' dir='ltr'><strong>deorum</strong></span> <span class='ocrx_word' id='word_1_69' title='bbox 1338 1416 1397 1459; x_wconf 90' lang='lat' dir='ltr'><strong>na·</strong></span> 
     </span>
     <span class='ocr_line' id='line_1_10' title="bbox 204 1493 493 1561; baseline -0.003 0"><span class='ocrx_word' id='word_1_70' title='bbox 204 1500 308 1561; x_wconf 91' lang='lat' dir='ltr'><strong>turam</strong></span> <span class='ocrx_word' id='word_1_71' title='bbox 332 1493 493 1560; x_wconf 78' lang='lat' dir='ltr'><strong>traditam.</strong></span> 
     </span>
    </p>

    <p class='ocr_par' dir='ltr' id='par_1_4' title="bbox 204 1596 1400 2111">
     <span class='ocr_line' id='line_1_11' title="bbox 250 1596 1397 1687; baseline 0.001 -19"><span class='ocrx_word' id='word_1_72' title='bbox 250 1598 416 1686; x_wconf 83' lang='lat' dir='ltr'><strong>Oopiosius</strong></span> <span class='ocrx_word' id='word_1_73' title='bbox 435 1601 474 1665; x_wconf 92' lang='lat' dir='ltr'><strong>de</strong></span> <span class='ocrx_word' id='word_1_74' title='bbox 492 1596 555 1665; x_wconf 86' lang='lat' dir='ltr'><strong>hoe</strong></span> <span class='ocrx_word' id='word_1_75' title='bbox 575 1600 718 1665; x_wconf 84' lang='lat' dir='ltr'><strong>dramate</strong></span> <span class='ocrx_word' id='word_1_76' title='bbox 738 1601 871 1666; x_wconf 88' lang='lat' dir='ltr'><strong>disserui</strong></span> <span class='ocrx_word' id='word_1_77' title='bbox 891 1602 1141 1687; x_wconf 84' lang='lat' dir='ltr'><strong>quoniamiuter</strong></span> <span class='ocrx_word' id='word_1_78' title='bbox 1153 1625 1205 1682; x_wconf 87' lang='lat' dir='ltr'><strong>ea,</strong></span> <span class='ocrx_word' id='word_1_79' title='bbox 1217 1624 1298 1687; x_wconf 88' lang='lat' dir='ltr'><strong>quae</strong></span> <span class='ocrx_word' id='word_1_80' title='bbox 1310 1607 1397 1669; x_wconf 84' lang='lat' dir='ltr'><strong>uerbo</strong></span> 
     </span>
     <span class='ocr_line' id='line_1_12' title="bbox 204 1705 1399 1794; baseline 0.003 -23"><span class='ocrx_word' id='word_1_81' title='bbox 204 1707 340 1791; x_wconf 75' lang='lat' dir='ltr'><strong>tempori</strong></span> <span class='ocrx_word' id='word_1_82' title='bbox 360 1706 517 1791; x_wconf 84' lang='lat' dir='ltr'><strong>assignari</strong></span> <span class='ocrx_word' id='word_1_83' title='bbox 529 1708 681 1789; x_wconf 87' lang='lat' dir='ltr'><strong>possunt,</strong></span> <span class='ocrx_word' id='word_1_84' title='bbox 694 1705 833 1790; x_wconf 88' lang='lat' dir='ltr'><strong>primum</strong></span> <span class='ocrx_word' id='word_1_85' title='bbox 847 1707 993 1792; x_wconf 88' lang='lat' dir='ltr'><strong>estquod</strong></span> <span class='ocrx_word' id='word_1_86' title='bbox 1006 1710 1135 1773; x_wconf 88' lang='lat' dir='ltr'><strong>deorum</strong></span> <span class='ocrx_word' id='word_1_87' title='bbox 1150 1709 1399 1794; x_wconf 83' lang='lat' dir='ltr'><strong>uituperationes</strong></span> 
     </span>
     <span class='ocr_line' id='line_1_13' title="bbox 205 1811 1399 1900; baseline 0.002 -23"><span class='ocrx_word' id='word_1_88' title='bbox 205 1812 362 1879; x_wconf 86' lang='lat' dir='ltr'><strong>exhibeat.</strong></span> <span class='ocrx_word' id='word_1_89' title='bbox 390 1811 475 1888; x_wconf 80' lang='lat' dir='ltr'><strong>Quas</strong></span> <span class='ocrx_word' id='word_1_90' title='bbox 498 1811 613 1876; x_wconf 86' lang='lat' dir='ltr'><strong>exinde</strong></span> <span class='ocrx_word' id='word_1_91' title='bbox 635 1812 671 1876; x_wconf 93' lang='lat' dir='ltr'><strong>iu</strong></span> <span class='ocrx_word' id='word_1_92' title='bbox 693 1811 824 1898; x_wconf 88' lang='lat' dir='ltr'><strong>reliquis</strong></span> <span class='ocrx_word' id='word_1_93' title='bbox 848 1813 1001 1878; x_wconf 82' lang='lat' dir='ltr'><strong>dramatis</strong></span> <span class='ocrx_word' id='word_1_94' title='bbox 1023 1815 1149 1898; x_wconf 87' lang='lat' dir='ltr'><strong>saepius</strong></span> <span class='ocrx_word' id='word_1_95' title='bbox 1172 1814 1399 1900; x_wconf 89' lang='lat' dir='ltr'><strong>deprehensuri</strong></span> 
     </span>
     <span class='ocr_line' id='line_1_14' title="bbox 205 1918 1400 2004; baseline 0.001 -19"><span class='ocrx_word' id='word_1_96' title='bbox 205 1941 328 1996; x_wconf 87' lang='lat' dir='ltr'><strong>sumus,</strong></span> <span class='ocrx_word' id='word_1_97' title='bbox 353 1940 429 1983; x_wconf 91' lang='lat' dir='ltr'><strong>nam</strong></span> <span class='ocrx_word' id='word_1_98' title='bbox 448 1940 498 1983; x_wconf 90' lang='lat' dir='ltr'><strong>res</strong></span> <span class='ocrx_word' id='word_1_99' title='bbox 516 1918 587 2002; x_wconf 89' lang='lat' dir='ltr'><strong>ipsa</strong></span> <span class='ocrx_word' id='word_1_100' title='bbox 607 1920 700 1983; x_wconf 83' lang='lat' dir='ltr'><strong>doeeb</strong></span> <span class='ocrx_word' id='word_1_101' title='bbox 719 1940 791 1983; x_wconf 90' lang='lat' dir='ltr'><strong>eum</strong></span> <span class='ocrx_word' id='word_1_102' title='bbox 812 1919 868 2004; x_wconf 91' lang='lat' dir='ltr'><strong>qui</strong></span> <span class='ocrx_word' id='word_1_103' title='bbox 887 1920 983 1984; x_wconf 88' lang='lat' dir='ltr'><strong>semel</strong></span> <span class='ocrx_word' id='word_1_104' title='bbox 1003 1920 1087 1984; x_wconf 83' lang='lat' dir='ltr'><strong>viam</strong></span> <span class='ocrx_word' id='word_1_105' title='bbox 1101 1921 1190 1985; x_wconf 92' lang='lat' dir='ltr'><strong>illam</strong></span> <span class='ocrx_word' id='word_1_106' title='bbox 1202 1921 1353 1986; x_wconf 80' lang='lat' dir='ltr'><strong>declivem</strong></span> <span class='ocrx_word' id='word_1_107' title='bbox 1366 1923 1400 1986; x_wconf 87' lang='lat' dir='ltr'><strong>et</strong></span> 
     </span>
     <span class='ocr_line' id='line_1_15' title="bbox 205 2023 1354 2111; baseline 0.003 -22"><span class='ocrx_word' id='word_1_108' title='bbox 205 2024 359 2091; x_wconf 79' lang='lat' dir='ltr'><strong>lubricam</strong></span> <span class='ocrx_word' id='word_1_109' title='bbox 381 2025 543 2110; x_wconf 81' lang='lat' dir='ltr'><strong>ingressus</strong></span> <span class='ocrx_word' id='word_1_110' title='bbox 566 2023 626 2102; x_wconf 82' lang='lat' dir='ltr'><strong>sit,</strong></span> <span class='ocrx_word' id='word_1_111' title='bbox 650 2045 716 2088; x_wconf 90' lang='lat' dir='ltr'><strong>nou</strong></span> <span class='ocrx_word' id='word_1_112' title='bbox 739 2023 833 2089; x_wconf 85' lang='lat' dir='ltr'><strong>iaoile</strong></span> <span class='ocrx_word' id='word_1_113' title='bbox 855 2025 957 2089; x_wconf 88' lang='lat' dir='ltr'><strong>redire</strong></span> <span class='ocrx_word' id='word_1_114' title='bbox 979 2031 1036 2090; x_wconf 87' lang='lat' dir='ltr'><strong>aut</strong></span> <span class='ocrx_word' id='word_1_115' title='bbox 1058 2027 1228 2092; x_wconf 75' lang='lat' dir='ltr'><strong>subsistere</strong></span> <span class='ocrx_word' id='word_1_116' title='bbox 1251 2048 1354 2111; x_wconf 86' lang='lat' dir='ltr'><strong>posse.</strong></span> 
     </span>
    </p>

    <p class='ocr_par' dir='ltr' id='par_1_5' title="bbox 204 2130 1473 3046">
     <span class='ocr_line' id='line_1_16' title="bbox 249 2130 1401 2216; baseline 0 -19"><span class='ocrx_word' id='word_1_117' title='bbox 249 2131 348 2198; x_wconf 89' lang='lat' dir='ltr'><strong>Nulla</strong></span> <span class='ocrx_word' id='word_1_118' title='bbox 372 2134 478 2196; x_wconf 84' lang='lat' dir='ltr'><strong>autem</strong></span> <span class='ocrx_word' id='word_1_119' title='bbox 501 2130 611 2195; x_wconf 85' lang='lat' dir='ltr'><strong>fabula</strong></span> <span class='ocrx_word' id='word_1_120' title='bbox 633 2131 813 2215; x_wconf 84' lang='lat' dir='ltr'><strong>graviorem</strong></span> <span class='ocrx_word' id='word_1_121' title='bbox 832 2131 997 2216; x_wconf 83' lang='lat' dir='ltr'><strong>religionis</strong></span> <span class='ocrx_word' id='word_1_122' title='bbox 1018 2131 1238 2197; x_wconf 78' lang='lat' dir='ltr'><strong>confusionem</strong></span> <span class='ocrx_word' id='word_1_123' title='bbox 1259 2133 1401 2198; x_wconf 87' lang='lat' dir='ltr'><strong>ostendit</strong></span> 
     </span>
     <span class='ocr_line' id='line_1_17' title="bbox 204 2236 1399 2325; baseline -0.001 -21"><span class='ocrx_word' id='word_1_124' title='bbox 204 2261 300 2325; x_wconf 86' lang='lat' dir='ltr'><strong>quam</strong></span> <span class='ocrx_word' id='word_1_125' title='bbox 329 2236 482 2304; x_wconf 80' lang='lat' dir='ltr'><strong>Hercules</strong></span> <span class='ocrx_word' id='word_1_126' title='bbox 507 2236 636 2314; x_wconf 88' lang='lat' dir='ltr'><strong>furens,</strong></span> <span class='ocrx_word' id='word_1_127' title='bbox 661 2237 748 2301; x_wconf 88' lang='lat' dir='ltr'><strong>baud</strong></span> <span class='ocrx_word' id='word_1_128' title='bbox 772 2237 867 2302; x_wconf 89' lang='lat' dir='ltr'><strong>dubie</strong></span> <span class='ocrx_word' id='word_1_129' title='bbox 890 2241 963 2321; x_wconf 83' lang='lat' dir='ltr'><strong>post</strong></span> <span class='ocrx_word' id='word_1_130' title='bbox 987 2237 1202 2322; x_wconf 80' lang='lat' dir='ltr'><strong>Hippolytum</strong></span> <span class='ocrx_word' id='word_1_131' title='bbox 1227 2239 1322 2302; x_wconf 82' lang='lat' dir='ltr'><strong>doute</strong></span> <span class='ocrx_word' id='word_1_132' title='bbox 1345 2237 1399 2320; x_wconf 89' lang='lat' dir='ltr'><strong>(ef.</strong></span> 
     </span>
     <span class='ocr_line' id='line_1_18' title="bbox 205 2341 1473 2430; baseline -0.001 -22"><span class='ocrx_word' id='word_1_133' title='bbox 205 2366 258 2430; x_wconf 82' lang='lat' dir='ltr'><strong>pg.</strong></span> <span class='ocrx_word' id='word_1_134' title='bbox 287 2346 325 2408; x_wconf 93' lang='lat'><strong>11</strong></span> <span class='ocrx_word' id='word_1_135' title='bbox 350 2351 422 2428; x_wconf 64' lang='lat' dir='ltr'><strong>sqb.</strong></span> <span class='ocrx_word' id='word_1_136' title='bbox 455 2343 603 2408; x_wconf 82' lang='lat' dir='ltr'><strong>Herculis</strong></span> <span class='ocrx_word' id='word_1_137' title='bbox 634 2343 776 2408; x_wconf 89' lang='lat' dir='ltr'><strong>absentis</strong></span> <span class='ocrx_word' id='word_1_138' title='bbox 803 2363 884 2407; x_wconf 89' lang='lat' dir='ltr'><strong>uxor</strong></span> <span class='ocrx_word' id='word_1_139' title='bbox 906 2341 1061 2426; x_wconf 89' lang='lat' dir='ltr'><strong>liberique</strong></span> <span class='ocrx_word' id='word_1_140' title='bbox 1084 2365 1157 2409; x_wconf 86' lang='lat' dir='ltr'><strong>eum</strong></span> <span class='ocrx_word' id='word_1_141' title='bbox 1182 2343 1295 2408; x_wconf 80' lang='lat' dir='ltr'><strong>vitrico</strong></span> <span class='ocrx_word' id='word_1_142' title='bbox 1318 2344 1400 2409; x_wconf 81' lang='lat' dir='ltr'><strong>Am·</strong></span> <span class='ocrx_word' id='word_1_143' title='bbox 1464 2351 1473 2364; x_wconf 90' lang='lat'><em>&#39;</em></span> 
     </span>
     <span class='ocr_line' id='line_1_19' title="bbox 204 2447 1400 2536; baseline 0.001 -22"><span class='ocrx_word' id='word_1_144' title='bbox 204 2449 375 2536; x_wconf 83' lang='lat' dir='ltr'><strong>pbibryoue</strong></span> <span class='ocrx_word' id='word_1_145' title='bbox 402 2450 438 2514; x_wconf 90' lang='lat' dir='ltr'><strong>iu</strong></span> <span class='ocrx_word' id='word_1_146' title='bbox 466 2471 503 2515; x_wconf 88' lang='lat' dir='ltr'><strong>eo</strong></span> <span class='ocrx_word' id='word_1_147' title='bbox 526 2453 619 2514; x_wconf 86' lang='lat' dir='ltr'><strong>eraut</strong></span> <span class='ocrx_word' id='word_1_148' title='bbox 641 2452 678 2513; x_wconf 87' lang='lat' dir='ltr'><strong>ut</strong></span> <span class='ocrx_word' id='word_1_149' title='bbox 700 2449 741 2514; x_wconf 89' lang='lat' dir='ltr'><strong>ab</strong></span> <span class='ocrx_word' id='word_1_150' title='bbox 764 2448 856 2513; x_wconf 87' lang='lat' dir='ltr'><strong>hoste</strong></span> <span class='ocrx_word' id='word_1_151' title='bbox 879 2447 964 2533; x_wconf 85' lang='lat' dir='ltr'><strong>Lyoo</strong></span> <span class='ocrx_word' id='word_1_152' title='bbox 989 2449 1209 2515; x_wconf 82' lang='lat' dir='ltr'><strong>occiderentur</strong></span> <span class='ocrx_word' id='word_1_153' title='bbox 1231 2449 1293 2514; x_wconf 89' lang='lat' dir='ltr'><strong>nisi</strong></span> <span class='ocrx_word' id='word_1_154' title='bbox 1315 2449 1400 2515; x_wconf 90' lang='lat' dir='ltr'><strong>Her·</strong></span> 
     </span>
     <span class='ocr_line' id='line_1_20' title="bbox 206 2553 1401 2640; baseline -0.003 -17"><span class='ocrx_word' id='word_1_155' title='bbox 206 2557 289 2623; x_wconf 86' lang='lat' dir='ltr'><strong>eules</strong></span> <span class='ocrx_word' id='word_1_156' title='bbox 312 2578 456 2622; x_wconf 87' lang='lat' dir='ltr'><strong>reversus</strong></span> <span class='ocrx_word' id='word_1_157' title='bbox 474 2558 666 2622; x_wconf 78' lang='lat' dir='ltr'><strong>obtruncato</strong></span> <span class='ocrx_word' id='word_1_158' title='bbox 686 2554 773 2639; x_wconf 85' lang='lat' dir='ltr'><strong>Lyoo</strong></span> <span class='ocrx_word' id='word_1_159' title='bbox 791 2577 845 2620; x_wconf 92' lang='lat' dir='ltr'><strong>eos</strong></span> <span class='ocrx_word' id='word_1_160' title='bbox 863 2558 1028 2620; x_wconf 87' lang='lat' dir='ltr'><strong>servasset.</strong></span> <span class='ocrx_word' id='word_1_161' title='bbox 1049 2553 1111 2620; x_wconf 88' lang='lat' dir='ltr'><strong>Sed</strong></span> <span class='ocrx_word' id='word_1_162' title='bbox 1132 2576 1206 2620; x_wconf 85' lang='lat' dir='ltr'><strong>mox</strong></span> <span class='ocrx_word' id='word_1_163' title='bbox 1225 2555 1293 2640; x_wconf 88' lang='lat' dir='ltr'><strong>ipse</strong></span> <span class='ocrx_word' id='word_1_164' title='bbox 1313 2555 1401 2620; x_wconf 89' lang='lat' dir='ltr'><strong>rabie</strong></span> 
     </span>
     <span class='ocr_line' id='line_1_21' title="bbox 205 2661 1399 2747; baseline -0.003 -18"><span class='ocrx_word' id='word_1_165' title='bbox 205 2664 342 2730; x_wconf 83' lang='lat' dir='ltr'><strong>lunonis</strong></span> <span class='ocrx_word' id='word_1_166' title='bbox 375 2664 533 2728; x_wconf 81' lang='lat' dir='ltr'><strong>iustinetu</strong></span> <span class='ocrx_word' id='word_1_167' title='bbox 567 2665 732 2747; x_wconf 89' lang='lat' dir='ltr'><strong>eorreptus</strong></span> <span class='ocrx_word' id='word_1_168' title='bbox 765 2661 884 2726; x_wconf 78' lang='lat' dir='ltr'><strong>inscius</strong></span> <span class='ocrx_word' id='word_1_169' title='bbox 919 2681 1050 2726; x_wconf 84' lang='lat' dir='ltr'><strong>uxorem</strong></span> <span class='ocrx_word' id='word_1_170' title='bbox 1084 2661 1265 2746; x_wconf 89' lang='lat' dir='ltr'><strong>liberosque</strong></span> <span class='ocrx_word' id='word_1_171' title='bbox 1295 2665 1399 2726; x_wconf 87' lang='lat' dir='ltr'><strong>ueoat.</strong></span> 
     </span>
     <span class='ocr_line' id='line_1_22' title="bbox 206 2767 1400 2854; baseline -0.002 -20"><span class='ocrx_word' id='word_1_172' title='bbox 206 2770 378 2854; x_wconf 89' lang='lat' dir='ltr'><strong>Postquam</strong></span> <span class='ocrx_word' id='word_1_173' title='bbox 402 2770 443 2833; x_wconf 91' lang='lat' dir='ltr'><strong>ad</strong></span> <span class='ocrx_word' id='word_1_174' title='bbox 467 2772 608 2834; x_wconf 83' lang='lat' dir='ltr'><strong>mentem</strong></span> <span class='ocrx_word' id='word_1_175' title='bbox 631 2768 727 2833; x_wconf 84' lang='lat' dir='ltr'><strong>rediit</strong></span> <span class='ocrx_word' id='word_1_176' title='bbox 749 2789 867 2852; x_wconf 89' lang='lat' dir='ltr'><strong>suaque</strong></span> <span class='ocrx_word' id='word_1_177' title='bbox 892 2767 1054 2852; x_wconf 72' lang='lat' dir='ltr'><strong>perspexit</strong></span> <span class='ocrx_word' id='word_1_178' title='bbox 1077 2767 1212 2846; x_wconf 87' lang='lat' dir='ltr'><strong>seelera,</strong></span> <span class='ocrx_word' id='word_1_179' title='bbox 1237 2791 1256 2832; x_wconf 91' lang='lat' dir='ltr'><strong>a</strong></span> <span class='ocrx_word' id='word_1_180' title='bbox 1278 2767 1400 2833; x_wconf 83' lang='lat' dir='ltr'><strong>Theseo</strong></span> 
     </span>
     <span class='ocr_line' id='line_1_23' title="bbox 207 2873 1401 2959; baseline 0 -19"><span class='ocrx_word' id='word_1_181' title='bbox 207 2879 364 2940; x_wconf 89' lang='lat' dir='ltr'><strong>ooeroetur</strong></span> <span class='ocrx_word' id='word_1_182' title='bbox 392 2875 564 2959; x_wconf 88' lang='lat' dir='ltr'><strong>quominus</strong></span> <span class='ocrx_word' id='word_1_183' title='bbox 597 2878 731 2938; x_wconf 89' lang='lat' dir='ltr'><strong>mortem</strong></span> <span class='ocrx_word' id='word_1_184' title='bbox 762 2873 825 2938; x_wconf 91' lang='lat' dir='ltr'><strong>aibi</strong></span> <span class='ocrx_word' id='word_1_185' title='bbox 855 2873 1048 2952; x_wconf 80' lang='lat' dir='ltr'><strong>consciscat,</strong></span> <span class='ocrx_word' id='word_1_186' title='bbox 1076 2877 1110 2938; x_wconf 87' lang='lat' dir='ltr'><strong>et</strong></span> <span class='ocrx_word' id='word_1_187' title='bbox 1132 2875 1233 2940; x_wconf 88' lang='lat' dir='ltr'><strong>amioe</strong></span> <span class='ocrx_word' id='word_1_188' title='bbox 1256 2874 1401 2940; x_wconf 76' lang='lat' dir='ltr'><strong>Athenas</strong></span> 
     </span>
     <span class='ocr_line' id='line_1_24' title="bbox 207 2981 843 3046; baseline 0 -2"><span class='ocrx_word' id='word_1_189' title='bbox 207 2981 381 3046; x_wconf 81' lang='lat' dir='ltr'><strong>abducitur.</strong></span> <span class='ocrx_word' id='word_1_190' title='bbox 839 3035 843 3044; x_wconf 76' lang='grc'><strong>.</strong></span> 
     </span>
    </p>

    <p class='ocr_par' dir='ltr' id='par_1_6' title="bbox 206 3082 1402 4654">
     <span class='ocr_line' id='line_1_25' title="bbox 249 3082 1401 3172; baseline -0.003 -21"><span class='ocrx_word' id='word_1_191' title='bbox 249 3086 323 3172; x_wconf 88' lang='lat' dir='ltr'><strong>Ipso</strong></span> <span class='ocrx_word' id='word_1_192' title='bbox 342 3086 450 3151; x_wconf 80' lang='lat' dir='ltr'><strong>stetim</strong></span> <span class='ocrx_word' id='word_1_193' title='bbox 471 3085 597 3151; x_wconf 81' lang='lat' dir='ltr'><strong>fabulae</strong></span> <span class='ocrx_word' id='word_1_194' title='bbox 615 3085 711 3149; x_wconf 82' lang='lat' dir='ltr'><strong>initio</strong></span> <span class='ocrx_word' id='word_1_195' title='bbox 730 3084 926 3169; x_wconf 81' lang='lat' dir='ltr'><strong>Amphitryo</strong></span> <span class='ocrx_word' id='word_1_196' title='bbox 937 3082 1086 3149; x_wconf 89' lang='lat' dir='ltr'><strong>Hereulis</strong></span> <span class='ocrx_word' id='word_1_197' title='bbox 1098 3085 1232 3149; x_wconf 87' lang='lat' dir='ltr'><strong>salutem</strong></span> <span class='ocrx_word' id='word_1_198' title='bbox 1244 3084 1401 3149; x_wconf 88' lang='lat' dir='ltr'><strong>reditum-</strong></span> 
     </span>
     <span class='ocr_line' id='line_1_26' title="bbox 206 3189 1401 3278; baseline -0.003 -21"><span class='ocrx_word' id='word_1_199' title='bbox 206 3214 265 3277; x_wconf 86' lang='lat' dir='ltr'><strong>que</strong></span> <span class='ocrx_word' id='word_1_200' title='bbox 284 3195 454 3278; x_wconf 86' lang='lat' dir='ltr'><strong>despereus</strong></span> <span class='ocrx_word' id='word_1_201' title='bbox 473 3191 587 3257; x_wconf 83' lang='lat' dir='ltr'><strong>lovem</strong></span> <span class='ocrx_word' id='word_1_202' title='bbox 607 3191 732 3276; x_wconf 88' lang='lat' dir='ltr'><strong>probris</strong></span> <span class='ocrx_word' id='word_1_203' title='bbox 751 3190 924 3275; x_wconf 78' lang='lat' dir='ltr'><strong>compellat</strong></span> <span class='ocrx_word' id='word_1_204' title='bbox 942 3190 1018 3269; x_wconf 76' lang='lat'>(211</span> <span class='ocrx_word' id='word_1_205' title='bbox 1041 3189 1277 3274; x_wconf 76' lang='lat' dir='ltr'><strong>sq.):›11yaum</strong></span> <span class='ocrx_word' id='word_1_206' title='bbox 1293 3189 1401 3274; x_wconf 85' lang='lat' dir='ltr'><strong>potius</strong></span> 
     </span>
     <span class='ocr_line' id='line_1_27' title="bbox 207 3295 1401 3383; baseline -0.001 -21"><span class='ocrx_word' id='word_1_207' title='bbox 207 3321 226 3362; x_wconf 92' lang='lat' dir='ltr'><strong>a</strong></span> <span class='ocrx_word' id='word_1_208' title='bbox 243 3320 284 3363; x_wconf 87' lang='lat' dir='ltr'><strong>ae</strong></span> <span class='ocrx_word' id='word_1_209' title='bbox 303 3299 416 3364; x_wconf 86' lang='lat' dir='ltr'><strong>rineiri</strong></span> <span class='ocrx_word' id='word_1_210' title='bbox 434 3302 602 3383; x_wconf 88' lang='lat' dir='ltr'><strong>oportere,</strong></span> <span class='ocrx_word' id='word_1_211' title='bbox 622 3299 648 3362; x_wconf 91' lang='lat' dir='ltr'><strong>si</strong></span> <span class='ocrx_word' id='word_1_212' title='bbox 667 3297 795 3383; x_wconf 84' lang='lat' dir='ltr'><strong>Jupiter</strong></span> <span class='ocrx_word' id='word_1_213' title='bbox 813 3298 902 3381; x_wconf 85' lang='lat' dir='ltr'><strong>justo</strong></span> <span class='ocrx_word' id='word_1_214' title='bbox 921 3316 998 3380; x_wconf 82' lang='lat' dir='ltr'><strong>erga</strong></span> <span class='ocrx_word' id='word_1_215' title='bbox 1019 3317 1052 3360; x_wconf 87' lang='lat' dir='ltr'><strong>se</strong></span> <span class='ocrx_word' id='word_1_216' title='bbox 1071 3295 1313 3380; x_wconf 82' lang='lat' dir='ltr'><strong>essetauimo”;</strong></span> <span class='ocrx_word' id='word_1_217' title='bbox 1326 3317 1401 3361; x_wconf 85' lang='lat' dir='ltr'><strong>mox</strong></span> 
     </span>
     <span class='ocr_line' id='line_1_28' title="bbox 206 3401 1401 3489; baseline -0.003 -19"><span class='ocrx_word' id='word_1_218' title='bbox 206 3404 363 3471; x_wconf 79' lang='lat' dir='ltr'><strong>exclamat</strong></span> <span class='ocrx_word' id='word_1_219' title='bbox 381 3405 495 3489; x_wconf 66' lang='lat' dir='ltr'><strong>(eeejz</strong></span> <span class='ocrx_word' id='word_1_220' title='bbox 515 3425 557 3468; x_wconf 81' lang='lat' dir='ltr'><strong>&gt;o</strong></span> <span class='ocrx_word' id='word_1_221' title='bbox 576 3402 720 3487; x_wconf 86' lang='lat' dir='ltr'><strong>Jupiter,</strong></span> <span class='ocrx_word' id='word_1_222' title='bbox 740 3403 862 3469; x_wconf 86' lang='lat' dir='ltr'><strong>frustra</strong></span> <span class='ocrx_word' id='word_1_223' title='bbox 881 3406 915 3467; x_wconf 88' lang='lat' dir='ltr'><strong>te</strong></span> <span class='ocrx_word' id='word_1_224' title='bbox 934 3402 1034 3467; x_wconf 89' lang='lat' dir='ltr'><strong>habui</strong></span> <span class='ocrx_word' id='word_1_225' title='bbox 1053 3401 1116 3466; x_wconf 91' lang='lat' dir='ltr'><strong>tori</strong></span> <span class='ocrx_word' id='word_1_226' title='bbox 1131 3401 1268 3478; x_wconf 83' lang='lat' dir='ltr'><strong>socium,</strong></span> <span class='ocrx_word' id='word_1_227' title='bbox 1281 3401 1401 3466; x_wconf 73' lang='lat' dir='ltr'><strong>frustm</strong></span> 
     </span>
     <span class='ocr_line' id='line_1_29' title="bbox 206 3503 1399 3594; baseline -0.004 -19"><span class='ocrx_word' id='word_1_228' title='bbox 206 3514 237 3575; x_wconf 86' lang='lat' dir='ltr'><strong>te</strong></span> <span class='ocrx_word' id='word_1_229' title='bbox 266 3510 328 3576; x_wconf 88' lang='lat' dir='ltr'><strong>mei</strong></span> <span class='ocrx_word' id='word_1_230' title='bbox 359 3509 417 3574; x_wconf 88' lang='lat' dir='ltr'><strong>lilii</strong></span> <span class='ocrx_word' id='word_1_231' title='bbox 447 3510 627 3594; x_wconf 78' lang='lat' dir='ltr'><strong>genitorem</strong></span> <span class='ocrx_word' id='word_1_232' title='bbox 659 3503 912 3594; x_wconf 77' lang='lat' dir='ltr'><strong>appellabamus:</strong></span> <span class='ocrx_word' id='word_1_233' title='bbox 939 3528 1077 3572; x_wconf 88' lang='lat' dir='ltr'><strong>amare</strong></span> <span class='ocrx_word' id='word_1_234' title='bbox 1101 3510 1145 3570; x_wconf 87' lang='lat' dir='ltr'><strong>tu</strong></span> <span class='ocrx_word' id='word_1_235' title='bbox 1168 3506 1399 3591; x_wconf 86' lang='lat' dir='ltr'><strong>videbaris,</strong></span> 
     </span>
     <span class='ocr_line' id='line_1_30' title="bbox 206 3610 1400 3699; baseline -0.003 -20"><span class='ocrx_word' id='word_1_236' title='bbox 206 3636 285 3680; x_wconf 93' lang='lat' dir='ltr'><strong>non</strong></span> <span class='ocrx_word' id='word_1_237' title='bbox 320 3615 506 3680; x_wconf 88' lang='lat' dir='ltr'><strong>amabas:</strong></span> <span class='ocrx_word' id='word_1_238' title='bbox 538 3634 612 3699; x_wconf 81' lang='lat' dir='ltr'><strong>ego</strong></span> <span class='ocrx_word' id='word_1_239' title='bbox 651 3613 848 3680; x_wconf 79' lang='lat' dir='ltr'><strong>mortalis</strong></span> <span class='ocrx_word' id='word_1_240' title='bbox 879 3616 918 3678; x_wconf 91' lang='lat' dir='ltr'><strong>te</strong></span> <span class='ocrx_word' id='word_1_241' title='bbox 949 3632 1144 3697; x_wconf 81' lang='lat' dir='ltr'><strong>magnum</strong></span> <span class='ocrx_word' id='word_1_242' title='bbox 1175 3610 1288 3677; x_wconf 86' lang='lat' dir='ltr'><strong>deum</strong></span> <span class='ocrx_word' id='word_1_243' title='bbox 1318 3612 1400 3676; x_wconf 83' lang='lat' dir='ltr'><strong>vir-</strong></span> 
     </span>
     <span class='ocr_line' id='line_1_31' title="bbox 207 3716 1399 3807; baseline -0.003 -22"><span class='ocrx_word' id='word_1_244' title='bbox 207 3724 294 3786; x_wconf 90' lang='lat' dir='ltr'><strong>tute</strong></span> <span class='ocrx_word' id='word_1_245' title='bbox 323 3743 495 3807; x_wconf 78' lang='lat' dir='ltr'><strong>auper03</strong></span> <span class='ocrx_word' id='word_1_246' title='bbox 526 3721 733 3805; x_wconf 81' lang='lat' dir='ltr'><strong>egoenim</strong></span> <span class='ocrx_word' id='word_1_247' title='bbox 756 3741 839 3785; x_wconf 91' lang='lat' dir='ltr'><strong>uon</strong></span> <span class='ocrx_word' id='word_1_248' title='bbox 863 3719 1048 3785; x_wconf 82' lang='lat' dir='ltr'><strong>destitui</strong></span> <span class='ocrx_word' id='word_1_249' title='bbox 1071 3717 1271 3782; x_wconf 89' lang='lat' dir='ltr'><strong>Hereulis</strong></span> <span class='ocrx_word' id='word_1_250' title='bbox 1295 3716 1399 3781; x_wconf 89' lang='lat' dir='ltr'><strong>libe-</strong></span> 
     </span>
     <span class='ocr_line' id='line_1_32' title="bbox 207 3823 1401 3912; baseline -0.003 -22"><span class='ocrx_word' id='word_1_251' title='bbox 207 3847 275 3892; x_wconf 87' lang='lat' dir='ltr'><strong>ros.</strong></span> <span class='ocrx_word' id='word_1_252' title='bbox 296 3827 347 3892; x_wconf 83' lang='lat' dir='ltr'><strong>Tu</strong></span> <span class='ocrx_word' id='word_1_253' title='bbox 369 3827 523 3894; x_wconf 83' lang='lat' dir='ltr'><strong>loetum</strong></span> <span class='ocrx_word' id='word_1_254' title='bbox 547 3827 713 3912; x_wconf 86' lang='lat' dir='ltr'><strong>quidem</strong></span> <span class='ocrx_word' id='word_1_255' title='bbox 737 3827 841 3892; x_wconf 90' lang='lat' dir='ltr'><strong>elam</strong></span> <span class='ocrx_word' id='word_1_256' title='bbox 866 3827 1152 3892; x_wconf 88' lang='lat' dir='ltr'><strong>eousoendere</strong></span> <span class='ocrx_word' id='word_1_257' title='bbox 1175 3823 1401 3907; x_wconf 88' lang='lat' dir='ltr'><strong>alienaque</strong></span> 
     </span>
     <span class='ocr_line' id='line_1_33' title="bbox 207 3932 1402 4018; baseline -0.003 -22"><span class='ocrx_word' id='word_1_258' title='bbox 207 3932 427 4018; x_wconf 79' lang='lat' dir='ltr'><strong>voluptate</strong></span> <span class='ocrx_word' id='word_1_259' title='bbox 458 3932 545 3999; x_wconf 80' lang='lat' dir='ltr'><strong>frui</strong></span> <span class='ocrx_word' id='word_1_260' title='bbox 576 3932 756 4018; x_wconf 87' lang='lat' dir='ltr'><strong>soiebas‚</strong></span> <span class='ocrx_word' id='word_1_261' title='bbox 783 3932 1052 4017; x_wconf 90' lang='lat' dir='ltr'><strong>propinquos</strong></span> <span class='ocrx_word' id='word_1_262' title='bbox 1080 3951 1179 3996; x_wconf 81' lang='lat' dir='ltr'><strong>uero</strong></span> <span class='ocrx_word' id='word_1_263' title='bbox 1202 3932 1295 3994; x_wconf 89' lang='lat' dir='ltr'><strong>tuos</strong></span> <span class='ocrx_word' id='word_1_264' title='bbox 1319 3949 1402 3994; x_wconf 86' lang='lat' dir='ltr'><strong>ser·</strong></span> 
     </span>
     <span class='ocr_line' id='line_1_34' title="bbox 207 4032 1402 4122; baseline 0 -22"><span class='ocrx_word' id='word_1_265' title='bbox 207 4058 301 4104; x_wconf 83' lang='lat' dir='ltr'><strong>vare</strong></span> <span class='ocrx_word' id='word_1_266' title='bbox 324 4038 495 4105; x_wconf 87' lang='lat' dir='ltr'><strong>uesuis’&#39;.</strong></span> <span class='ocrx_word' id='word_1_267' title='bbox 524 4037 671 4104; x_wconf 80' lang='lat' dir='ltr'><strong>Herculis</strong></span> <span class='ocrx_word' id='word_1_268' title='bbox 694 4039 815 4103; x_wconf 87' lang='lat' dir='ltr'><strong>reditus</strong></span> <span class='ocrx_word' id='word_1_269' title='bbox 835 4036 914 4101; x_wconf 88' lang='lat' dir='ltr'><strong>haee</strong></span> <span class='ocrx_word' id='word_1_270' title='bbox 933 4037 1062 4122; x_wconf 85' lang='lat' dir='ltr'><strong>quidem</strong></span> <span class='ocrx_word' id='word_1_271' title='bbox 1080 4035 1215 4100; x_wconf 88' lang='lat' dir='ltr'><strong>erimina</strong></span> <span class='ocrx_word' id='word_1_272' title='bbox 1233 4032 1316 4098; x_wconf 85' lang='lat' dir='ltr'><strong>falsa</strong></span> <span class='ocrx_word' id='word_1_273' title='bbox 1335 4055 1402 4100; x_wconf 88' lang='lat' dir='ltr'><strong>esse</strong></span> 
     </span>
     <span class='ocr_line' id='line_1_35' title="bbox 208 4139 1401 4232; baseline -0.004 -24"><span class='ocrx_word' id='word_1_274' title='bbox 208 4145 337 4232; x_wconf 80' lang='lat' dir='ltr'><strong>eriueit,</strong></span> <span class='ocrx_word' id='word_1_275' title='bbox 383 4146 438 4214; x_wconf 84' lang='lat' dir='ltr'><strong>sed</strong></span> <span class='ocrx_word' id='word_1_276' title='bbox 480 4151 589 4211; x_wconf 86' lang='lat' dir='ltr'><strong>tamen</strong></span> <span class='ocrx_word' id='word_1_277' title='bbox 623 4144 799 4230; x_wconf 86' lang='lat' dir='ltr'><strong>impietatis</strong></span> <span class='ocrx_word' id='word_1_278' title='bbox 833 4143 1057 4228; x_wconf 66' lang='lat' dir='ltr'><strong>gravisumum</strong></span> <span class='ocrx_word' id='word_1_279' title='bbox 1094 4146 1144 4207; x_wconf 81' lang='lat' dir='ltr'><strong>est</strong></span> <span class='ocrx_word' id='word_1_280' title='bbox 1176 4139 1331 4206; x_wconf 81' lang='lat' dir='ltr'><strong>iudicium</strong></span> <span class='ocrx_word' id='word_1_281' title='bbox 1365 4139 1401 4204; x_wconf 86' lang='lat' dir='ltr'><strong>iu</strong></span> 
     </span>
     <span class='ocr_line' id='line_1_36' title="bbox 206 4246 1402 4319; baseline -0.003 -2"><span class='ocrx_word' id='word_1_282' title='bbox 206 4251 296 4318; x_wconf 86' lang='lat' dir='ltr'><strong>rebus</strong></span> <span class='ocrx_word' id='word_1_283' title='bbox 325 4253 465 4319; x_wconf 80' lang='lat' dir='ltr'><strong>adversis</strong></span> <span class='ocrx_word' id='word_1_284' title='bbox 495 4251 576 4317; x_wconf 87' lang='lat' dir='ltr'><strong>talia</strong></span> <span class='ocrx_word' id='word_1_285' title='bbox 603 4250 737 4316; x_wconf 87' lang='lat' dir='ltr'><strong>effutire.</strong></span> <span class='ocrx_word' id='word_1_286' title='bbox 770 4250 852 4316; x_wconf 81' lang='lat' dir='ltr'><strong>Tum</strong></span> <span class='ocrx_word' id='word_1_287' title='bbox 875 4249 949 4314; x_wconf 87' lang='lat' dir='ltr'><strong>fluis</strong></span> <span class='ocrx_word' id='word_1_288' title='bbox 972 4246 1100 4314; x_wconf 82' lang='lat' dir='ltr'><strong>fabulae</strong></span> <span class='ocrx_word' id='word_1_289' title='bbox 1125 4246 1259 4313; x_wconf 88' lang='lat' dir='ltr'><strong>erimina</strong></span> <span class='ocrx_word' id='word_1_290' title='bbox 1282 4247 1402 4314; x_wconf 86' lang='lat' dir='ltr'><strong>eouiir·</strong></span> 
     </span>
     <span class='ocr_line' id='line_1_37' title="bbox 207 4352 1401 4442; baseline -0.004 -18"><span class='ocrx_word' id='word_1_291' title='bbox 207 4379 290 4424; x_wconf 85' lang='lat' dir='ltr'><strong>mare</strong></span> <span class='ocrx_word' id='word_1_292' title='bbox 324 4360 466 4437; x_wconf 79' lang='lat' dir='ltr'><strong>ridetur3</strong></span> <span class='ocrx_word' id='word_1_293' title='bbox 500 4362 533 4424; x_wconf 87' lang='lat' dir='ltr'><strong>et</strong></span> <span class='ocrx_word' id='word_1_294' title='bbox 566 4360 737 4442; x_wconf 88' lang='lat' dir='ltr'><strong>postquam</strong></span> <span class='ocrx_word' id='word_1_295' title='bbox 768 4354 923 4422; x_wconf 75' lang='lat' dir='ltr'><strong>Hercules</strong></span> <span class='ocrx_word' id='word_1_296' title='bbox 955 4354 1117 4420; x_wconf 84' lang='lat' dir='ltr'><strong>intellexit</strong></span> <span class='ocrx_word' id='word_1_297' title='bbox 1146 4352 1310 4419; x_wconf 88' lang='lat' dir='ltr'><strong>Juuouem</strong></span> <span class='ocrx_word' id='word_1_298' title='bbox 1345 4353 1401 4419; x_wconf 88' lang='lat' dir='ltr'><strong>de·</strong></span> 
     </span>
     <span class='ocr_line' id='line_1_38' title="bbox 206 4459 1400 4545; baseline -0.003 -18"><span class='ocrx_word' id='word_1_299' title='bbox 206 4465 341 4530; x_wconf 86' lang='lat' dir='ltr'><strong>mantiae</strong></span> <span class='ocrx_word' id='word_1_300' title='bbox 383 4488 458 4532; x_wconf 88' lang='lat' dir='ltr'><strong>suae</strong></span> <span class='ocrx_word' id='word_1_301' title='bbox 499 4466 662 4530; x_wconf 77' lang='lat' dir='ltr'><strong>auctorem</strong></span> <span class='ocrx_word' id='word_1_302' title='bbox 697 4461 795 4528; x_wconf 82' lang='lat' dir='ltr'><strong>fuisse</strong></span> <span class='ocrx_word' id='word_1_303' title='bbox 833 4461 944 4526; x_wconf 88' lang='lat' dir='ltr'><strong>aeerbe</strong></span> <span class='ocrx_word' id='word_1_304' title='bbox 979 4482 1048 4525; x_wconf 92' lang='lat' dir='ltr'><strong>eam</strong></span> <span class='ocrx_word' id='word_1_305' title='bbox 1082 4460 1229 4543; x_wconf 83' lang='lat' dir='ltr'><strong>increpat</strong></span> <span class='ocrx_word' id='word_1_306' title='bbox 1263 4459 1400 4545; x_wconf 78' lang='lat'>(1303):</span> 
     </span>
     <span class='ocr_line' id='line_1_39' title="bbox 208 4563 1401 4654; baseline 0 -25"><span class='ocrx_word' id='word_1_307' title='bbox 208 4567 322 4636; x_wconf 80' lang='lat' dir='ltr'><strong>»Nunc</strong></span> <span class='ocrx_word' id='word_1_308' title='bbox 341 4571 479 4637; x_wconf 85' lang='lat' dir='ltr'><strong>exsultet</strong></span> <span class='ocrx_word' id='word_1_309' title='bbox 496 4569 620 4654; x_wconf 85' lang='lat' dir='ltr'><strong>inelyte</strong></span> <span class='ocrx_word' id='word_1_310' title='bbox 637 4569 728 4636; x_wconf 85' lang='lat' dir='ltr'><strong>Jovis</strong></span> <span class='ocrx_word' id='word_1_311' title='bbox 748 4589 827 4634; x_wconf 84' lang='lat' dir='ltr'><strong>uxor</strong></span> <span class='ocrx_word' id='word_1_312' title='bbox 846 4565 976 4652; x_wconf 86' lang='lat' dir='ltr'><strong>Olympi</strong></span> <span class='ocrx_word' id='word_1_313' title='bbox 988 4565 1091 4632; x_wconf 88' lang='lat' dir='ltr'><strong>solum</strong></span> <span class='ocrx_word' id='word_1_314' title='bbox 1105 4563 1253 4650; x_wconf 86' lang='lat' dir='ltr'><strong>pulsans:</strong></span> <span class='ocrx_word' id='word_1_315' title='bbox 1268 4563 1401 4650; x_wconf 83' lang='lat' dir='ltr'><strong>perieoil</strong></span> 
     </span>
    </p>
   </div>
   <div class='ocr_carea' id='block_1_4' title="bbox 0 0 1719 5356">
    <p class='ocr_par' dir='ltr' id='par_1_7' title="bbox 0 0 1719 5356">
     <span class='ocr_line' id='line_1_40' title="bbox 0 0 1719 5356; baseline 0 0"><span class='ocrx_word' id='word_1_316' title='bbox 0 0 1719 5356; x_wconf 95' lang='lat' dir='ltr'><strong> </strong></span> 
     </span>
    </p>
   </div>
  </div>
 </body>
</html>
