3418 5356
868 473 910 537 80

296 678 364 723 non
387 676 478 722 caeca
498 655 531 721 vi
553 658 607 721 sed
631 655 731 720 libera
753 659 861 720 mente
883 658 916 720 et
938 655 1104 720 voluntate
1116 675 1153 720 ea
1163 655 1284 720 moveri
1295 657 1446 740 putantes
1461 655 1486 740 ¹)

296 763 485 828 revereri
506 783 632 848 quoqne
651 765 842 847 coeperunt3
856 766 889 827 et
899 761 1050 847 quoniam
1062 783 1111 827 res
1123 763 1280 827 secundae
1291 764 1325 827 ct
1336 762 1485 828 advorsae

296 869 331 934 in
356 890 463 934 eorum
486 872 644 953 potestate
668 871 761 932 erant
783 868 875 932 donis
899 869 1055 953 placanda
1078 871 1280 933 censuerunt.

342 975 516 1060 Postquam
547 974 585 1040 iis
615 979 721 1040 autem
753 978 875 1040 mentes
905 975 1007 1040 inesse
1038 975 1123 1040 visae
1150 978 1225 1041 sunt
1254 975 1403 1041 materiae
1427 977 1485 1040 do-

297 1083 480 1148 minatrices
522 1081 680 1166 variisque
721 1082 905 1161 affectibus,
949 1081 1037 1146 velut
1070 1081 1189 1159 dolori,
1226 1081 1383 1160 laetitiae,
1419 1082 1486 1147 irae

297 1187 470 1264 obnoxiae,
490 1187 632 1252 humano
652 1188 752 1273 igitur
771 1189 877 1252 animo
897 1189 1028 1253 omnino
1050 1187 1185 1265 similes,
1208 1188 1310 1273 magis
1321 1187 1486 1274 magisque

297 1295 358 1360 hae
381 1316 400 1358 a
422 1293 588 1379 provincia
612 1316 669 1358 sua
692 1295 816 1359 avocari
834 1294 1078 1379 hominibusque
1096 1294 1225 1380 aequari
1242 1297 1372 1379 coeptae
1392 1297 1485 1374 sunt,

297 1402 344 1467 ita
374 1404 411 1466 ut
433 1403 564 1466 tandem
586 1399 682 1465 etiam
705 1400 842 1486 figuram
865 1422 1040 1486 corpusque
1063 1401 1239 1466 humanum
1261 1401 1431 1466 induerent
1453 1402 1487 1466 ct

298 1529 373 1590 mox
395 1507 476 1571 nihil
499 1507 632 1572 humani
653 1530 671 1571 a
694 1529 727 1572 se
750 1507 890 1572 alienum
903 1509 1064 1592 putarent.
1077 1505 1199 1573 Uxores
1212 1505 1297 1572 enim
1308 1507 1485 1586 ducebant,

298 1615 414 1680 liberos
445 1612 673 1699 procreabant,
704 1613 864 1679 amoribus
894 1613 1155 1698 pelliciebantur‚
1189 1613 1274 1679 rixas
1305 1616 1339 1678 et
1357 1612 1488 1678 dissidia

298 1720 478 1804 habebant,
500 1719 709 1785 versabantur
726 1720 761 1785 in
780 1723 875 1787 caede
893 1719 1006 1784 fraude
1024 1721 1146 1804 rapina.
1177 1719 1300 1784 Exinde
1321 1719 1487 1805 ingenium

299 1827 455 1894 Graecum
479 1827 519 1890 ad
543 1826 729 1912 fingendum
752 1827 893 1911 proclive
916 1832 947 1892 et
970 1831 1079 1911 aptum
1103 1827 1368 1892 horum-deorum
1386 1827 1486 1892 vitam

299 1935 428 2000 ornavit
449 1932 676 1998 innumerabili
699 1932 880 1998 fabularum
906 1934 1060 2000 varietate
1083 1955 1147 2000 non
1172 1933 1308 2019 amplius
1332 1934 1485 2018 conjunc·

299 2045 403 2106 tarum
426 2062 499 2105 cum
520 2039 623 2124 prima
644 2043 776 2118 natura,
798 2062 818 2105 a
837 2061 900 2124 qua
918 2044 1085 2126 tantopere
1105 2041 1296 2106 recedebant
1314 2044 1352 2104 ut
1369 2040 1409 2118 ii,
1431 2039 1486 2124 qui

299 2147 442 2212 omnium
478 2145 545 2210 fere
579 2145 782 2210 celeberrimo
805 2147 895 2212 cultu
917 2147 1085 2226 florerent,
1108 2146 1239 2215 Athena
1262 2133 1295 2212 et
1316 2147 1434 2232 Apollo
1454 2149 1488 2210 et

299 2253 448 2330 Hermes,
475 2255 559 2317 unde
582 2253 739 2337 originem
764 2255 914 2318 ducerent
937 2253 1066 2319 vixdum
1090 2256 1250 2340 appareat.

345 2361 398 2426 Ita
420 2360 520 2445 igitur
545 2362 622 2424 nata
645 2363 693 2424 cst
716 2359 864 2424 universa
889 2360 1086 2445 mythologie
1109 2361 1270 2446 crevitque
1292 2361 1328 2425 in
1352 2360 1486 2425 anthro-

300 2465 571 2553 pomorphismum
604 2465 695 2530 illum
730 2465 785 2550 qui
816 2469 965 2544 vocatur,
998 2489 1092 2552 quem
1125 2467 1200 2532 inde
1230 2466 1270 2533 ab
1302 2466 1487 2552 antiquissi-

300 2572 361 2637 mis
391 2572 556 2637 literarum
588 2569 780 2636 Graecarum
813 2572 1029 2637 monumentis
1052 2572 1226 2657 perfectum
1250 2577 1283 2638 et
1305 2574 1488 2638 absolutum

300 2680 452 2746 videmus.

345 2786 490 2870 Apparet
508 2805 547 2849 ex
566 2783 616 2848 his
635 2787 669 2849 et
688 2806 726 2849 ex
746 2806 783 2849 eo
795 2785 879 2869 quod
891 2784 1022 2849 affectus
1034 2806 1158 2870 quoque
1170 2789 1203 2850 et
1213 2786 1488 2871 perturbationes,

301 2891 416 2977 quibus
436 2911 536 2975 genus
554 2889 730 2955 humanum
744 2897 857 2955 natura
870 2891 1046 2975 expositum
1060 2895 1118 2971 est,
1130 2893 1164 2957 in
1177 2893 1307 2958 deorum
1319 2915 1500 2982 numerum·

300 2997 545 3082 recipiebantur,
566 2996 697 3061 notione
718 2995 895 3061 divinitatis
908 2997 988 3062 nihil
1001 2998 1158 3063 contineri
1171 2999 1232 3064 uisi
1251 3000 1488 3084 potentiam

300 3103 542 3168 hominibus
564 3103 843 3187 superiorem,
864 3103 1022 3188 justitiam
1042 3125 1115 3169 voro
1128 3110 1160 3171 et
1172 3107 1373 3171 sanctitatem
1385 3106 1488 3172 haud·

299 3231 458 3295 quaquam
482 3229 553 3273 eum
577 3230 614 3273 ea
637 3209 826 3293 conjunctas
848 3209 953 3274 fuisse.
985 3211 1098 3295 Itaque
1122 3211 1181 3298 dii,
1210 3213 1328 3299 quippo
1347 3213 1488 3297 corporis

301 3317 480 3401 mentisque
520 3315 640 3381 viribus
683 3315 827 3381 homines
868 3320 1071 3402 superantes,
1107 3319 1203 3383 etiam
1237 3319 1488 3386 vehementiores

300 3421 463 3487 habebant
496 3421 694 3506 voluptates,
729 3422 844 3506 quibus
879 3444 945 3488 non
970 3423 1075 3489 minus
1098 3446 1193 3509 quarn
1216 3424 1264 3489 illi
1285 3426 1489 3508 indulgentes

302 3529 421 3594 maiora
451 3550 576 3614 quoque
599 3528 827 3613 perpetrabant
849 3528 975 3596 scelera.
1012 3529 1097 3594 Nam
1117 3534 1158 3596 ad
1177 3531 1211 3595 id
1231 3535 1316 3617 quod
1334 3533 1490 3617 petebant

302 3636 558 3720 consequendum
582 3633 702 3699 viribus
726 3655 849 3720 semper
873 3634 1032 3703 valebant.

347 3739 437 3806 Haec
456 3761 582 3825 quoque
599 3743 647 3804 est
665 3763 760 3805 causa
780 3761 836 3804 cur
855 3739 1017 3820 homines,
1037 3742 1113 3809 licet
1131 3747 1205 3810 deos
1221 3745 1293 3811 illos
1305 3767 1372 3811 non
1383 3746 1488 3811 solum

301 3847 564 3934 flagitiosissimos
594 3868 660 3911 esse
691 3847 846 3912 sentirent
877 3847 930 3911 sed
962 3847 1058 3914 etiam
1088 3850 1149 3935 ipsi
1172 3852 1373 3946 gravissimas
1395 3876 1488 3941 saepe

300 3955 435 4040 injurias
455 3953 495 4017 ab
514 3952 553 4017 iis
573 3953 769 4038 acciperent,
787 3975 840 4018 eos
860 3975 925 4018 non
946 3954 1096 4022 detestati
1116 3956 1198 4036 sint,
1218 3958 1296 4043 quin
1309 3960 1404 4025 etiem
1416 3983 1490 4027 raro

301 4060 341 4125 iis
363 4061 583 4124 irascerentur.
610 4057 662 4123 Ab
686 4058 870 4124 hominibus
893 4059 1125 4146 antiquioribus
1148 4063 1232 4127 enim
1250 4064 1289 4129 iis
1307 4065 1362 4149 qui
1382 4067 1491 4131 omnia

303 4167 433 4254 impune
463 4167 567 4231 facere
597 4167 722 4251 poterat
745 4166 853 4232 omnia
874 4167 1004 4232 concedi
1027 4167 1188 4253 solebant;
1210 4169 1288 4257 ipsis
1314 4172 1490 4258 praeceptis

339 4449 365 4513 1)
383 4450 522 4500 Notandum
539 4455 575 4500 cot
597 4451 679 4502 codem
696 4451 766 4502 modo
786 4452 811 4504 iu
827 4451 902 4519 ipsiu·
918 4453 1082 4520 philosophiae
1095 4454 1172 4506 initiis
1184 4455 1290 4522 primum
1305 4458 1366 4519 rim,
1381 4476 1428 4524 qua
1442 4477 1493 4512 ma·

302 4531 364 4583 toria
381 4535 529 4592 moveretur,
547 4530 576 4582 ab
593 4548 620 4581 aa
637 4548 684 4584 nou
701 4537 833 4598 separatam
849 4535 933 4594 tuine.
952 4536 993 4584 aad
1009 4539 1090 4600 postea
1099 4539 1171 4603 (apud
1180 4541 1355 4606 Anaxagoram)
1363 4543 1487 4598 transiisse

303 4614 329 4666 iu
347 4615 457 4664 Mentem
473 4618 620 4680 separatam,
639 4615 750 4680 liborum,
769 4617 898 4679 conadam,
917 4634 1043 4688 rarumque
1060 4624 1191 4688 potentem.
