3418 5356
793 483 857 548 105

223 663 359 731 Dianam
389 663 643 750 reprehendens,
675 686 756 751 quae
786 661 885 752 quum
917 669 1012 732 oaede
1038 665 1178 751 pollutos
1201 666 1243 732 ab
1267 668 1331 734 aris
1354 669 1419 734 suis

223 775 343 850 masat,
367 771 437 856 ipsa
460 770 636 837 delectetur
659 773 757 838 saeris
780 771 946 851 humanis,
970 759 1121 858 protinus
1144 772 1235 837 addit
1257 793 1291 838 se
1309 777 1418 839 tamen

224 899 289 944 non
319 877 446 944 credere
477 877 575 942 talem
608 881 699 943 deam
723 899 789 943 esse
813 900 917 964 neque
940 899 1072 944 eoenam
1095 878 1282 944 Tantaleam
1307 901 1417 964 reapse

223 983 379 1069 erenmse,
405 1003 515 1048 verum
537 983 684 1048 homines
706 1005 763 1049 sua
784 984 909 1069 flagitia
933 985 965 1049 in
992 987 1068 1050 deos
1092 983 1265 1050 contulisse
1279 981 1320 1071 ¹);
1343 984 1417 1050 nul-

224 1088 290 1156 lum
313 1090 398 1155 enim
421 1092 552 1155 deorum
576 1090 696 1154 melum
719 1111 795 1158 esso.

268 1195 297 1260 Ε
316 1195 483 1280 tragoedia
505 1193 749 1281 Bellerophonte
767 1195 923 1263 Stobaeus
943 1194 1041 1283 (Illor.
1066 1197 1178 1283 100,4)
1199 1197 1327 1262 rettulit
1338 1219 1418 1282 qua-

224 1307 296 1368 tuor
308 1303 449 1368 sanamus
460 1301 514 1388 (fr.
529 1302 595 1368 294
606 1325 636 1369 r.
646 1303 693 1388 4),
705 1303 821 1388 quibus
833 1303 1016 1369 mortalium
1029 1302 1135 1368 morbi
1146 1303 1212 1368 sive
1223 1303 1420 1369 calamitates

223 1409 328 1496 (νόσοι)
352 1408 470 1493 partim
495 1409 665 1487 αὐθαίρετοι
689 1431 756 1474 esse
780 1411 933 1475 dicuntur
955 1409 1073 1494 partim
1093 1409 1247 1474 divinitus
1265 1409 1414 1487 immissi;

224 1517 256 1580 et
285 1517 449 1599 praeterea
480 1515 577 1579 deos
600 1514 635 1579 si
658 1518 782 1600 turpe
806 1516 1034 1601 quidquam
1054 1516 1098 1578 in
1121 1537 1162 1580 se
1185 1516 1421 1580 admittant

224 1643 305 1686 non
328 1641 418 1686 esse
442 1623 557 1698 deos,
581 1641 662 1705 quae
682 1622 843 1686 sententia
863 1621 1071 1687 confirmatur
1089 1621 1128 1687 iis
1148 1643 1230 1706 quae
1246 1623 1283 1686 iu
1301 1621 1420 1688 fabulis

225 1725 446 1812 superstitibus
468 1725 615 1811 legimus.

270 1831 563 1898 Verumexeadem
574 1833 739 1917 tragoedia
751 1839 923 1917 supersunt
933 1833 1071 1899 trimetri
1083 1834 1263 1918 quindecim
1273 1833 1326 1920 (fr.
1337 1835 1417 1917 288)

225 1939 309 2024 apud
331 1937 415 2004 Just
441 1937 535 2002 Mart.
557 1938 597 2023 (1.
619 1958 672 2023 pg.
696 1939 793 2025 130),
807 1940 922 2024 quibus
942 1940 987 2004 dii
1006 1962 1073 2006 esse
1091 1961 1221 2024 prorsus
1241 1942 1418 2025 negantur:
1520 1885 1622 2092 μμ

474 2046 570 2125 <Durio
592 2068 638 2117 τις
663 2041 739 2110 εἶναι
764 2047 832 2121 δῆτ’
856 2047 1021 2127 ἐνούριινῷ
1045 2047 1147 2124 teatin

474 2151 527 2216 οὐκ
552 2151 637 2226 εἰσὶν,
662 2153 716 2216 οὐκ
739 2151 797 2216 sir·
821 2151 851 2216 sl
871 2175 918 2225 τις
942 2152 1101 2233 ἀνθρώπων
1124 2151 1204 2218 θέλει
1273 2145 1279 2160 '

472 2256 518 2335 μὴ
540 2257 583 2336 τῷ
608 2259 735 2338 autumi
759 2265 855 2336 μῶρος
880 2259 919 2323 ὢν
942 2260 1076 2340 malm
1099 2255 1194 2339 λόγῳ.

225 2363 323 2432 ouius
356 2363 402 2429 rei
431 2363 650 2430 testimonium
681 2365 777 2429 datur
801 2364 862 2430 hoo
886 2365 991 2450 quod,
1015 2367 1054 2429 ut
1076 2369 1149 2429 utar
1173 2363 1278 2429 verbis
1301 2362 1418 2442 Ennii,

226 2494 312 2537 »non
342 2470 424 2536 bane
447 2471 540 2535 bonis
563 2471 606 2535 sit
628 2470 711 2535 male
734 2470 847 2536 malis''
863 2471 900 2556 ²).
925 2470 1006 2536 (lum
1031 2475 1140 2536 tamen
1164 2471 1237 2537 talis
1260 2469 1420 2534 sententia

226 2601 290 2644 non
313 2577 376 2642 nisi
397 2577 459 2642 hoa
482 2598 547 2641 uno
570 2577 641 2642 looo
660 2576 787 2661 legatur
807 2577 1029 2642 difficillimum
1048 2580 1097 2641 est
1116 2576 1290 2661 dijudicare
1310 2578 1418 2640 utrum

225 2687 336 2768 metae
359 2682 467 2747 animo
490 2683 662 2747 conveniat
683 2703 793 2747 neone.
818 2680 902 2746 Nam
923 2683 1013 2766 siqua
1033 2681 1186 2747 dramatis
1204 2702 1341 2765 persona
1360 2681 1419 2745 sti-

226 2789 368 2855 mulante
389 2789 439 2853 ira
461 2789 631 2853 audaciora
651 2789 748 2853 verba
771 2788 888 2852 fundat
910 2788 1025 2866 semel,
1049 2788 1141 2873 parri
1160 2790 1237 2852 sunt
1256 2787 1420 2852 momenti.

226 2893 260 2960 Si
286 2897 372 2960 reate
402 2895 511 2972 video,
541 2898 637 2979 poeta
669 2915 734 2958 non
763 2893 1006 2979 improbabilem
1031 2894 1155 2959 censuit
1176 2892 1266 2958 illam
1289 2896 1420 2959 senten·

226 3000 304 3064 tiam
328 3001 363 3064 in
386 2999 515 3064 homine
538 3000 722 3084 praesertim
742 2999 979 3064 calamitatibus
997 3019 1166 3083 oppresso,
1187 2998 1333 3081 quamvis
1351 2998 1420 3082 ipse

227 3111 296 3171 toto
320 3109 449 3192 pertore
471 3105 500 3171 ei
523 3107 671 3170 assentiri
696 3126 762 3170 non
785 3108 902 3190 posset.

270 3211 311 3277 In
345 3212 503 3297 plerisque
530 3212 625 3276 huius
649 3211 763 3276 aetatis
785 3209 920 3288 fabulis,
945 3210 1126 3296 ubieunque
1149 3213 1340 3294 argumenta
1363 3230 1418 3274 eo-

225 3317 311 3403 piam
346 3316 484 3395 dabant,
515 3318 669 3402 leguntur
699 3317 829 3382 deorum
860 3317 1118 3401 vituperationes.
1143 3315 1311 3399 Euripides
1334 3316 1420 3380 enim

225 3423 381 3508 imprimis
417 3425 457 3487 ad
491 3428 598 3508 partes
632 3423 791 3508 turpiores
826 3422 1044 3508 mythologiae
1078 3421 1221 3486 animum
1252 3420 1421 3486 attendens

226 3533 378 3615 perpetuo
413 3549 465 3594 ees
496 3529 618 3594 civibus
641 3529 859 3607 monstrabat,
883 3528 975 3613 quasi
997 3547 1116 3612 rogans
1139 3547 1249 3590 annon
1272 3525 1333 3590 hoo
1355 3528 1421 3590 tes·

225 3635 361 3699 timonio
385 3639 476 3699 tota
499 3635 612 3720 religio
635 3636 776 3720 vulgaris
799 3634 980 3700 adulterina
1003 3636 1086 3699 esset
1105 3633 1281 3709 censenda,
1302 3653 1344 3694 en
1363 3629 1420 3696 deal

224 3741 273 3806 illi
291 3741 428 3827 amplius
449 3741 588 3819 νόμισμα
605 3762 672 3806 esse
683 3744 824 3825 possent.
838 3741 877 3805 In
889 3737 1116 3805 Andromacha
1127 3737 1261 3803 nuntius
1272 3736 1318 3822 (r.
1334 3737 1418 3802 1161

262 3931 289 3994 l)
306 3931 343 3982 Cf.
361 3930 514 3996 Xenophanis
531 3930 619 3996 placita
636 3946 675 3996 pg.
690 3930 723 3979 ⁹4
740 3930 824 3980 relata

262 4011 291 4074 2)
307 4027 341 4061 vs.
361 4013 387 4063 ta
673 4009 738 4074 φήμ’
756 4007 807 4075 iyb
824 4009 956 4073 τνριιννίδιι

478 4092 582 4142 κτείνειν
600 4109 629 4142 τε
647 4091 799 4151 πλείστους,
816 4090 954 4156 χρημάτων
972 4092 998 4141 τ’
1017 4090 1180 4154 ἀποστερεῖν,

477 4174 561 4237 ὅρκιος
578 4193 608 4226 τε
625 4176 827 4238 παραβαίνοντος
845 4172 967 4238 ixa-optuit!
986 4175 1087 4232 πόλεις·

477 4256 520 4308 ιιιιὶ
536 4259 622 4308 τοῦτο
638 4256 742 4321 δρῶντες
759 4259 859 4320 μᾶλλον
877 4256 926 4307 ι1σ’
944 4254 1088 4319 εὒδιιίμονες

479 4344 529 4390 rau
547 4338 715 4408 εὐσεβούντων
732 4337 818 4404 ἡσυχῆ
837 4339 891 4390 καθ’
909 4337 1008 4402 ἡμέραν.

374 4431 377 4438 ’
480 4424 566 4481 πόλεις
581 4440 612 4473 τι
630 4425 719 4486 μικοὺς
736 4419 792 4474 οῖδα
809 4420 926 4485 veprium
942 4421 1024 4480 trote,

478 4503 509 4556 at*
523 4504 642 4571 μειζόνων
659 4503 764 4556 κλύοντι
783 4502 986 4568 decoramina

480 4587 580 4650 λόγχης
597 4585 689 4650 ἀριθμῷ
708 4587 822 4646 πλείονος
838 4585 1011 4650 κρατούμενοι.
