3418 5356
778 469 841 532 129

318 651 352 716 rt
376 657 541 732 σωφρονεῖν
565 649 596 716 tl
620 647 672 714 nal
696 649 802 730 σεβεῖν
825 649 868 714 rol
892 656 950 714 τῶν
974 651 1045 714 θεῶν

318 757 486 822 κάλλιστον
508 752 594 834 οἶμαι
619 761 708 822 τοῦτο
733 755 785 820 acl
809 755 1002 835 σοφώτατον.
1026 755 1103 842 (vid.
1127 776 1183 841 pg.
1212 755 1300 842 127).

251 862 342 939 Quod
372 861 457 929 idem
483 863 534 928 his
556 883 683 948 quoque
707 860 810 927 verbis
834 861 1007 947 expressit,
1032 861 1149 947 quibus
1170 861 1401 954 profectonon

205 967 355 1054 antiquae
377 969 452 1035 fidei
476 969 555 1035 civis
578 991 655 1034 usus
678 967 792 1033 fuisset
815 967 858 1051 (v.
887 967 981 1054 890):

972 1075 1005 1140 orl

477 1183 540 1264 γὰρ
564 1180 699 1263 acrioris
722 1205 799 1248 ποτε
821 1187 881 1247 τῶν
904 1180 1001 1259 riuus

477 1288 660 1368 γιγνώσκειν
682 1290 743 1370 χρὴ
767 1287 819 1353 acl
843 1289 993 1364 μελετᾶν.

473 1395 609 1475 κούφα
633 1395 712 1475 γὰρ
736 1394 899 1461 δαπάνα
922 1391 1110 1474 νομίζων

478 1503 598 1582 ἰσχὺν
622 1500 699 1567 τόδ’
723 1499 855 1583 ἔχειν,

478 1605 552 1674 irc
576 1605 660 1673 ποτ’
685 1606 760 1688 ἄρα
785 1608 828 1673 cl
850 1606 1080 1685 δαιμόνιον,

477 1714 515 1781 τό
536 1716 567 1779 τ’
590 1716 621 1779 ἐν
644 1713 741 1795 χρόνῳ
764 1713 871 1794 μακρῷ

478 1819 603 1898 νόμιμον
626 1820 675 1885 rial
700 1821 795 1900 Φύσει
817 1843 854 1882 τε
877 1818 1029 1898 πεφυκός.

250 1927 340 2012 Age,
374 1927 497 2010 inquit,
533 1927 608 1991 deos
641 1925 827 2001 adoremur3
862 1925 972 2009 utique
1006 1927 1166 2010 praestat3
1198 1924 1309 1990 levis
1339 1927 1403 1989 est

206 2031 349 2110 labor,
390 2032 500 2097 illud
543 2033 688 2116 vigere
730 2035 881 2116 putare
923 2031 1217 2115 qualecunque
1251 2052 1400 2096 numen

208 2138 415 2216 divinum,
435 2138 654 2222 legemque
679 2136 808 2221 longo
833 2138 1023 2220 tempore
1046 2141 1339 2202 consecratam
1363 2139 1405 2202 et

207 2244 299 2329 ipsa
331 2248 483 2309 natura
515 2243 807 2310 constitutam.

257 2350 301 2416 Ut
323 2371 389 2415 non
415 2371 509 2444 nemo
528 2353 639 2415 nostra
662 2351 785 2427 aetate,
810 2348 949 2414 defessus
971 2348 1072 2433 longa
1089 2351 1121 2414 el
1140 2348 1249 2414 inutili
1267 2351 1402 2414 couten-

207 2458 295 2523 tione
326 2459 457 2522 tandem
480 2456 639 2522 intellexit
662 2457 822 2540 praestare
844 2455 1030 2540 religionem
1054 2454 1106 2520 rel
1128 2455 1346 2540 imperfectam
1369 2458 1403 2520 et

209 2563 354 2630 vitiosam
377 2563 495 2630 habere
517 2585 613 2649 quam
638 2563 773 2627 nullam.

638 3166 826 3252 error
853 3167 977 3252 vul.
1077 3281 1081 3290 ι

465 3428 652 3478 OPINIONES
678 3428 902 3481 QUORUNDAM
929 3429 1147 3482 craumers.

253 3609 340 3678 Scire
358 3613 492 3677 interest
509 3612 585 3696 quid
607 3612 813 3678 nobilissimis
825 3613 1005 3697 aequalium
1018 3613 1057 3677 de
1068 3611 1181 3678 iisdem
1193 3613 1288 3678 rebus
1301 3613 1404 3678 visum

207 3718 260 3782 sit.
281 3717 429 3782 Vidimus
450 3718 534 3782 eires
554 3739 619 3783 uon
639 3740 712 3783 raro
731 3718 869 3784 offensos
889 3718 987 3783 fuisse
1006 3718 1173 3784 sententiis
1184 3719 1219 3784 in
1231 3717 1405 3785 scenaEu·

208 3823 331 3908 ripidea
354 3824 588 3908 pronuntiatis,
614 3825 833 3909 imprimisque
853 3821 1102 3908 Aristophanem
1123 3825 1190 3890 eius
1208 3825 1405 3911 impietatem

209 3934 336 3994 notasse
345 3927 381 4015 ¹).
390 3929 453 4004 Qui
465 3933 582 4006 tamen,
592 3930 619 3994 si
631 3930 798 4015 aliquanto
811 3929 997 4013 diligentius
1009 3933 1048 3995 (le
1059 3931 1213 4016 religione
1225 3931 1406 4016 cogitasset,

209 4035 354 4120 profecto
372 4035 407 4100 in
427 4038 536 4100 eodem
558 4036 710 4102 haesisset
721 4037 862 4121 scopulo.
877 4034 1034 4111 Quoniam
1048 4037 1134 4101 enim
1147 4037 1279 4122 perinde
1290 4058 1328 4103 ac
1340 4042 1407 4102 tra·

208 4143 299 4228 gicus
316 4142 474 4207 censuisse
499 4141 625 4206 videtur
650 4143 811 4226 propriam
834 4143 939 4206 sedem
963 4141 1110 4227 justitiae
1134 4143 1219 4228 apud
1243 4145 1318 4208 deos
1341 4165 1408 4210 esse

209 4247 287 4334 (rid.
313 4267 366 4333 pg.
389 4249 453 4312 120
474 4249 554 4334 sq).
576 4248 738 4332 popularis
756 4247 869 4332 religio
890 4249 918 4312 ei
938 4248 1151 4333 improbanda
1169 4247 1283 4314 fuerat.
1306 4247 1410 4335 Atqui

244 4529 272 4594 l)
291 4527 382 4578 Passim
400 4528 425 4578 in
444 4529 504 4579 Rau.
522 4533 547 4578 et
565 4529 627 4579 Nub.
646 4531 682 4579 Ol.
703 4529 846 4596 Thesmoph.
864 4533 926 4582 ⁴51:

515 4611 576 4668 τούς
593 4608 682 4672 ἄνδρας
698 4610 860 4662 hminum
877 4610 921 4662 ota
938 4607 1000 4662 eluar
1017 4611 1090 4670 trote.
