3408 5360
768 431 808 498 31

191 616 260 681 cani
289 616 325 681 iu
354 614 482 694 fabula,
514 615 570 700 qui
604 615 708 680 carnis
739 637 835 700 quam
865 616 1017 700 portabat
1036 615 1211 700 imaginem
1234 616 1270 680 in
1294 639 1377 702 aqua

192 727 342 808 appetens
365 723 468 808 ipsam
490 743 615 807 quoque
639 743 767 787 carnem
788 721 906 786 amisit.

234 829 332 896 Nulla
354 831 461 894 autem
483 828 519 893 in
542 850 576 892 re
599 828 702 912 magis
721 827 824 892 elucet
842 826 1011 911 Sophoclei
1032 827 1109 892 dicti
1129 849 1262 892 acumen
1286 850 1382 912 quam

191 935 224 999 in
247 956 453 1020 personarum
477 933 628 998 moribus.
653 933 822 1018 Sophoclei
844 934 955 998 herulis
978 954 1042 1017 qua
1065 935 1142 998 sunt
1164 934 1264 998 enimi
1283 934 1383 999 firmi-

190 1043 257 1105 tate
280 1041 320 1106 ab
343 1039 438 1105 initio
461 1061 560 1125 usque
584 1039 744 1104 adfinem
768 1039 831 1104 sibi
853 1043 1022 1124 constant;
1044 1042 1285 1124 aguuttsntum
1297 1043 1384 1124 quod

191 1150 308 1232 agunt,
340 1168 399 1211 uec
430 1145 457 1210 si
484 1147 573 1230 justa
605 1145 775 1229 perficiunt
801 1167 951 1229 umquam
975 1144 1162 1209 vacillantes
1187 1143 1383 1230 (Antigone,

190 1251 333 1331 Electra,
359 1250 511 1331 Orestes),
532 1273 591 1316 neo
612 1252 638 1315 si
662 1272 753 1316 caeco
774 1272 878 1316 errore
897 1251 1069 1336 rapiuntur
1088 1250 1152 1314 ulla
1164 1273 1198 1316 re
1210 1273 1243 1316 se
1255 1252 1386 1316 retineri

190 1359 346 1445 patientes
366 1357 503 1444 (Creon,
522 1357 661 1442 Oedipus
681 1380 754 1436 rex,
768 1356 869 1442 Aiax,
883 1357 1153 1441 Clytaemnestra,
1166 1357 1384 1445 Philoctetes),

191 1464 290 1529 donee
311 1463 405 1545 malis
429 1464 584 1528 divinitus
607 1462 707 1527 illatis
727 1466 836 1538 cedere
856 1465 1013 1547 cogantur
1025 1460 1059 1540 ¹).
1084 1460 1180 1546 Apud
1198 1461 1385 1548 Euripidem

190 1573 302 1636 contra
331 1591 487 1657 personae
517 1569 658 1654 tragicae
681 1591 777 1653 saepe
800 1567 1023 1633 distrahuntur
1046 1567 1211 1633 affectibus
1234 1590 1386 1654 puguan·
1413 1579 1425 1637 l

190 1677 292 1756 tibus,
316 1680 471 1762 perpetuo
495 1679 689 1742 cunctantur
711 1679 744 1740 et
760 1695 818 1761 pro
842 1696 948 1740 rerum
973 1695 1067 1738 cursu
1090 1674 1233 1738 animum
1257 1678 1386 1740 mutant

190 1784 332 1870 (Medea,
353 1782 516 1856 Phaedra,
534 1780 726 1860 Hermione,
747 1780 918 1863 Hercules,
940 1778 1072 1858 Creusa,
1094 1778 1348 1865 Clytaemnestra
1359 1779 1385 1867 2)

190 1894 223 1956 et
245 1890 371 1956 Orestes
392 1890 426 1954 in
444 1888 590 1966 Electra,
611 1887 780 1973 Iphigenia
794 1885 819 1973 3)
832 1891 863 1952 et
874 1886 1101 1971 Agamemnon
1112 1887 1148 1950 in
1160 1887 1232 1972 Iph.
1245 1886 1336 1974 Aul.)
1350 1889 1384 1969 ⁴).

235 1997 345 2064 Nolite
374 1999 481 2061 autem
511 1996 645 2060 alteram
677 1995 834 2060 rationem
863 1994 1013 2072 laudere,
1045 1994 1177 2059 alteram
1206 1995 1384 2081 repudiare.

191 2103 340 2169 Diversae
373 2102 458 2167 enim
482 2102 609 2186 utrique
631 2103 709 2166 suut
732 2101 886 2179 virtutes,
910 2122 1010 2184 quum
1035 2099 1114 2164 haec
1138 2101 1241 2164 verior
1264 2101 1307 2164 sil
1329 2100 1387 2165 illa

190 2207 366 2288 sublimior,
378 2208 457 2274 haec
467 2209 504 2272 in
515 2206 704 2272 recentiores
717 2206 861 2272 homiues
874 2207 1010 2291 quadret
1022 2205 1079 2270 illa
1090 2206 1127 2270 in
1138 2206 1336 2291 antiquiores
1347 2208 1386 2293 6).

224 2433 250 2492 1)
268 2432 425 2482 Prometheus
441 2431 585 2496 Aeschyleua
602 2431 676 2484 etiam
691 2433 737 2482 hoo
753 2432 831 2482 lacere
849 2430 991 2495 dedignatus
1009 2432 1052 2480 eet,

224 2513 252 2580 2)
270 2515 363 2580 Nempe
379 2531 431 2566 eam
448 2513 581 2564 faunorum
598 2530 696 2565 suorum
714 2515 820 2580 poenitet
838 2513 884 2579 (vs.
904 2514 969 2562 1105
990 2513 1046 2578 sq.)

224 2598 252 2663 t)
271 2597 418 2647 Notissima·
449 2601 484 2646 eat
515 2597 653 2647 Aristotelis
682 2613 751 2646 error
781 2597 807 2646 in
836 2595 971 2660 judicandis
1003 2592 1144 2661 Iphigeniae
1174 2594 1292 2645 moribus:
1320 2598 1387 2648 Post.

191 2695 229 2746 pss.
252 2680 333 2730 laese
350 2697 371 2730 e.
386 2681 418 2728 le
439 2677 512 2728 'dero
532 2677 694 2742 παράδειγμα
704 2716 774 2728 .....
792 2681 838 2727 τοῦ
860 2675 887 2726 di
904 2675 1040 2738 desudare
1059 2674 1074 2731 ἦ
1092 2672 1117 2725 ir
1136 2671 1226 2725 alesta
1247 2677 1387 2741 Ἰφιγίνιια.

191 2759 260 2810 aidis
282 2762 332 2824 γὰρ
354 2760 432 2810 torrae
453 2759 634 2817 ἧὶκιτιῦουσα
651 2765 683 2825 τῇ
702 2759 804 2827 ὑστέρᾳ.
822 2761 938 2826 Quamvis
956 2759 1097 2826 plerumque
1111 2757 1186 2822 judex
1203 2775 1291 2824 aequm
1308 2769 1388 2812 tamen

191 2843 234 2893 hac
250 2844 276 2893 iu
294 2860 320 2893 re
337 2843 428 2908 injuria
444 2845 555 2909 antiquae
571 2845 707 2909 tragoediae
727 2845 831 2895 rationes
849 2859 907 2892 uuas
923 2843 1054 2907 sqnendae
1071 2841 1188 2890 aemulare
1205 2843 1309 2894 videtur.

223 2929 249 2988 4)
267 2927 298 2976 ln
319 2927 456 2976 Phoenissis
472 2927 580 2976 Eteocles
598 2928 627 2975 ed
644 2927 719 2976 aciem
737 2927 888 2991 proiecturus
907 2925 1036 2976 Creontem
1050 2923 1132 2988 jubet,
1152 2924 1172 2973 si
1189 2924 1314 2989 Polynices
1330 2928 1388 2976 ceci·

191 3009 253 3058 derit
278 3009 329 3058 eiua
345 3024 432 3074 corpus
448 3009 595 3075 insepultum
612 3009 670 3058 ieris
687 3007 819 3074 projicere,
836 3011 860 3056 et
878 3011 955 3057 morte
973 3006 1076 3056 multare
1093 3007 1113 3055 ei
1131 3007 1185 3071 quis
1201 3008 1301 3072 sepelire
1318 3026 1389 3060 ausas

191 3091 276 3150 luerit,
304 3107 337 3142 va
365 3091 414 3144 774
438 3106 499 3157 sqq,
526 3093 592 3140 lose
616 3105 684 3156 eqq.;
704 3091 827 3156 Polynices
849 3105 906 3139 vero
929 3087 1097 3151 ψυχορραγῶν
1115 3092 1218 3138 matrem
1235 3107 1388 3156 sororemque

191 3178 341 3225 aeeuneutee
358 3174 450 3238 flagitat
466 3178 494 3223 ut
510 3190 535 3224 se
551 3173 655 3240 sepulcri
672 3174 763 3223 honore
779 3174 869 3222 donent
887 3171 965 3238 (1447
985 3174 1058 3238 sqq.).
1077 3173 1149 3237 Apud
1163 3173 1307 3238 Aeschylum
1316 3175 1389 3240 (Sep-

191 3259 240 3306 tem
257 3257 323 3306 1000
340 3271 401 3322 sqq,
420 3257 485 3306 1043
503 3258 567 3322 sqq.)
584 3259 609 3305 et
626 3256 766 3321 Sophoclem
784 3255 875 3320 (eucig.
894 3255 979 3320 initio)
997 3256 1075 3304 Creon
1092 3269 1135 3304 aaa
1150 3257 1235 3320 sponte
1251 3255 1389 3320 Polynicen

191 3338 286 3389 humari
303 3341 382 3397 vetat,
399 3339 518 3403 Antigone
535 3354 577 3388 sua
594 3341 679 3402 sponte
692 3336 758 3400 justa
774 3335 847 3385 fratri
864 3337 928 3385 lacit.

224 3422 333 3471 Fortuna
356 3421 401 3470 hoc
423 3420 480 3470 hur.
503 3423 628 3470 inventam
648 3419 815 3469 tantummodo
832 3419 953 3469 emanarit
970 3435 983 3467 e
1000 3418 1105 3468 novandi
1123 3418 1216 3478 studim
1228 3422 1278 3470 aut
1295 3419 1389 3486 simpli·

192 3503 252 3554 aar
273 3503 430 3568 intelligenda
450 3507 486 3552 eat
509 3518 590 3552 rerum
610 3502 747 3552 futurarum
764 3501 921 3566 significatio,
939 3501 1017 3566 qualia
1035 3502 1060 3552 in
1079 3502 1254 3552 moriturorum
1271 3501 1389 3552 aaroni·

192 3583 234 3634 has
255 3585 384 3650 aliquando
407 3585 529 3635 invenitur
551 3584 586 3651 (s.
605 3585 659 3650 Iph.
677 3583 732 3633 hul.
752 3584 838 3648 1455).
857 3583 902 3632 Sed
920 3583 999 3633 nucia
1017 3599 1048 3632 an
1066 3583 1103 3632 his
1120 3599 1216 3648 quoque
1233 3584 1310 3634 subsit
1326 3583 1388 3634 illud

193 3667 300 3718 veribus
324 3667 444 3725 studium,
469 3683 501 3718 sc.
528 3669 556 3716 ut
577 3665 732 3716 verisimilius
754 3665 864 3715 videatur
888 3667 1016 3715 Gmoutm
1037 3665 1081 3714 ulii
1104 3681 1204 3732 sponsae
1222 3669 1325 3715 mortem
1342 3666 1389 3716 mi-

192 3749 257 3806 aari.
281 3750 417 3814 Antigonen
440 3752 552 3800 audenter
574 3749 626 3799 eius
647 3749 753 3799 edietum
776 3764 895 3814 aperuere.
921 3751 954 3798 nt
979 3763 1027 3797 uon
1054 3749 1131 3798 solum
1157 3748 1219 3798 nihil
1242 3750 1276 3798 aie
1301 3749 1389 3798 lucrati

191 3845 273 3882 umas
296 3832 338 3882 aed
359 3833 440 3882 omnia
460 3831 580 3882 densiora
602 3835 627 3880 et
651 3831 887 3882 vilioraevaseruat.
906 3832 1062 3896 Numquam
1081 3832 1161 3882 Creon
1180 3833 1341 3898 etAntigone
1359 3834 1390 3882 ad

192 3928 314 3964 servorun
336 3930 411 3980 paene
434 3919 514 3980 partes
537 3914 628 3964 redacti
644 3913 706 3972 sint,
723 3913 810 3977 quihus
826 3916 979 3963 mensorum
993 3913 1060 3977 jussa
1077 3913 1244 3964 irrevocabilia
1260 3914 1310 3964 siut
1325 3929 1390 3964 exae-

191 3998 297 4061 quanda,
319 4001 374 4048 tura
395 3998 447 4063 ipso
468 3998 513 4048 hoc
534 3997 644 4047 veritatis
660 3995 752 4055 studio,
770 3997 833 4046 mals
850 3995 971 4056 adhibito,
990 3995 1098 4046 Eteoclea
1116 3997 1193 4046 lactus
1209 3998 1245 4046 eet
1260 3999 1389 4062 praeter

192 4084 337 4130 asturam
360 4080 477 4139 erudelis,
494 4081 536 4145 qui
562 4081 694 4129 fratrem
717 4094 896 4143 germanum
915 4077 1068 4128 inhumatum
1087 4079 1174 4144 projici
1185 4077 1275 4142 jubeat.
1293 4081 1389 4130 stene-

192 4161 256 4212 liora
270 4163 387 4228 captando
404 4161 466 4212 hona
482 4163 625 4212 amittimm.

227 4245 254 4308 0)
272 4243 403 4307 Bergkias,
426 4244 579 4294 Grieohieche
601 4243 800 4308 literaturgesch,
819 4243 887 4294 'lom
906 4244 928 4294 Ι.
946 4260 986 4311 pg.
1005 4244 1053 4293 cel
1070 4259 1104 4309 sq.
1123 4243 1223 4310 loquens
1239 4245 1267 4294 de
1283 4243 1387 4310 imagine

192 4323 326 4376 uuluam
342 4325 368 4374 in
384 4327 491 4390 Odyssea
507 4341 616 4392 expressa
632 4327 691 4376 haee
710 4325 780 4375 dicits
805 4341 843 4374 nea
859 4325 891 4374 ist
908 4325 948 4376 eiu
965 4327 1006 4375 des
1020 4325 1161 4390 geistvollen
1177 4326 1288 4376 Dichtera
1302 4327 1388 4376 dareh·

190 4423 235 4456 aaa
251 4407 370 4473 virdiger
383 4405 508 4463 adnue.
527 4407 569 4458 dae
586 4406 689 4456 Werdea
706 4405 747 4454 dae
763 4403 922 4464 Charaktera,
938 4405 980 4454 dae
996 4404 1134 4468 allmthlisse
1152 4406 1236 4456 llailen
1253 4407 1295 4458 dea
1312 4406 1389 4472 0οης-

193 4489 256 4556 linga
277 4505 307 4541 aa
329 4489 423 4555 seigam
446 4489 495 4538 und
517 4489 561 4538 air
582 4489 676 4539 werden
693 4487 756 4537 dieaa
772 4487 888 4552 Ieiatuug
903 4503 945 4538 um
961 4503 988 4538 so
1003 4488 1080 4538 hohor
1097 4487 1240 4555 aueohlagau
1257 4505 1325 4540 aena
1341 4490 1387 4540 alr

192 4571 279 4634 alea,
294 4572 339 4623 urle
354 4572 427 4624 aelhet
446 4571 485 4621 die
501 4575 594 4638 apitsre
612 4573 702 4632 Kunet,
717 4570 1092 4632 aameatliohdiedrematiaohe,
1110 4587 1154 4622 aaa
1173 4573 1204 4624 in
1222 4574 1276 4624 der
1293 4571 1390 4638 liegal
