3408 5360
783 505 824 575 27

210 689 326 756 onibus
358 711 391 754 se
424 688 602 754 discessisse
626 691 802 774 perspexit,
827 692 969 777 vulgaris
990 713 1115 778 quoque
1138 695 1286 762 materies
1308 696 1407 762 relin-

209 799 338 883 quenda
361 799 418 860 aut
441 815 571 880 prorsus
599 795 722 861 diverso
746 799 842 863 modo
866 793 1035 865 tractanda
1055 796 1174 886 erat¹),
1194 822 1291 885 quam
1311 825 1407 868 num·

209 925 305 990 quam
337 902 482 987 profecto
515 901 575 967 sibi
607 904 792 991 sumpsisset
823 907 850 971 si
881 929 901 971 a
931 906 1034 991 prima
1059 906 1272 972 adolescentia
1295 911 1406 974 eodem

209 1010 323 1076 fnisset
345 1010 454 1074 animo
479 1030 542 1094 quo
566 1015 687 1094 postea.
711 1011 808 1078 Nune
830 1017 939 1078 tamen
962 1017 1048 1099 quod
1069 1035 1134 1079 non
1159 1014 1308 1100 protinus
1325 1016 1407 1099 reje-

212 1117 258 1182 cit
286 1116 519 1202 quodammodo
555 1117 701 1182 excusari
730 1122 839 1203 potest
852 1120 895 1205 ²);
926 1120 987 1186 hac
1017 1141 1142 1205 quoque
1171 1121 1207 1185 in
1230 1142 1265 1186 re
1288 1120 1314 1185 si
1337 1121 1408 1205 quis

212 1223 322 1288 omnia
345 1222 517 1307 diligenter
540 1224 706 1300 γιγνώσκει
732 1225 834 1290 multa
856 1229 963 1311 potest
985 1227 1243 1304 συγγιγνώσκειν.

256 1327 328 1394 Etsi
350 1328 452 1413 igitar
471 1326 641 1414 Euripides
660 1352 786 1416 quoque
805 1332 935 1417 mythos
955 1334 1105 1418 antiquos
1123 1331 1184 1398 sibi
1202 1333 1408 1398 illustrandos

212 1435 394 1522 proposuit,
426 1438 536 1499 tamen
568 1436 706 1500 multum
739 1436 821 1502 afuit
850 1441 888 1503 nt
922 1438 1074 1525 Aeschyli
1107 1460 1217 1503 reeens
1252 1435 1407 1526 mortui³)

213 1565 252 1609 er
275 1564 344 1608 asse
367 1542 458 1607 heres
480 1542 580 1621 fieret,
606 1543 658 1607 vel
682 1552 783 1608 artem
808 1544 1016 1630 Sophocleum
1039 1545 1197 1610 imitando
1210 1545 1408 1629 exprimeret.

214 1648 405 1734 Sophocles,
441 1649 538 1713 homo
574 1653 744 1729 constans,
780 1650 816 1716 in
851 1652 939 1716 omni
969 1673 1003 1716 re
1034 1652 1177 1736 antiquis
1207 1653 1296 1717 nisus
1325 1653 1410 1717 vitae

213 1755 410 1835 rationibus,
440 1759 482 1821 ad
515 1757 652 1822 mediam
684 1759 753 1842 jam
787 1762 976 1843 pervenerat
1010 1762 1147 1824 aetatem
1182 1782 1254 1825 cum
1277 1759 1410 1842 religio,

215 1862 408 1946 respublica,
432 1862 653 1948 philosophia,
677 1864 744 1928 vita
767 1865 893 1948 privata
915 1865 950 1929 in
975 1886 1075 1930 novas
1098 1866 1165 1930 vias
1188 1865 1410 1942 deflecterent;

215 1969 384 2057 Euripides
403 1990 478 2034 vero
498 1970 628 2054 juvenis
647 1970 805 2035 mediisin
817 1972 1061 2056 tempestatibus
1072 1973 1273 2054 versabatur,
1288 1975 1320 2036 et
1331 1992 1413 2055 quae

217 2081 265 2142 est
281 2076 459 2162 juventutis
479 2078 595 2140 natura
615 2078 657 2140 ad
675 2097 760 2141 nova
776 2076 957 2161 recipienda
969 2077 1076 2162 aptior
1087 2125 1095 2155 ,
1106 2078 1235 2163 penitus
1247 2077 1412 2142 imbueba-

216 2187 269 2248 tur
287 2183 490 2270 notionihue,
516 2205 598 2268 quae
618 2184 768 2249 maiorem
791 2188 870 2248 natu
889 2186 1020 2270 poetam
1033 2185 1087 2249 vir
1099 2184 1241 2268 tetigisse
1254 2184 1412 2249 videntur.

260 2287 446 2356 Cavendum
466 2295 515 2355 est
537 2313 577 2355 ne
603 2290 665 2356 hoc
687 2312 839 2375 umquam
864 2313 881 2356 e
905 2291 1057 2356 memoria
1081 2290 1412 2376 exciderepetiamur,

216 2395 278 2462 nisi
300 2397 447 2481 iniquum
469 2397 625 2484 judicium
649 2396 732 2462 ferre
755 2397 899 2464 velimus.

260 2503 351 2582 Quod
384 2505 568 2589 aequalibus
598 2505 658 2570 hac
682 2505 717 2569 in
745 2527 779 2569 re
802 2525 868 2570 non
892 2504 1024 2590 licebat,
1050 2503 1232 2590 posteritati
1254 2494 1433 2587 contigit,

217 2617 343 2698 poetam
374 2611 518 2696 judicare
551 2612 705 2696 temporis
739 2611 850 2676 habita
884 2611 1018 2677 ratione.
1054 2609 1268 2675 Utilissimum
1304 2631 1411 2674 exem·

217 2717 305 2802 plum
337 2716 470 2803 praebet
492 2717 742 2802 Aristophanes,
773 2717 829 2802 qni
851 2717 996 2802 quamvis
1022 2737 1142 2801 magno
1165 2716 1311 2782 acumine
1335 2716 1413 2780 artis

217 2821 406 2909 Euripideae
429 2823 509 2889 vitia
532 2823 778 2910 deprehenderit
799 2829 832 2888 et
855 2823 1034 2902 notaverit,
1060 2826 1168 2888 tamen
1190 2823 1337 2907 iniquum
1359 2823 1413 2907 ju·

218 2930 333 2996 dicium
348 2930 426 2995 iecit
445 2929 666 3015 immeritoque
685 2933 812 3014 poetam
830 2930 1007 3015 increpuit,
1021 2931 1159 3013 primum
1172 2932 1258 3015 qnod
1270 2927 1414 3013 singulas

217 3059 266 3103 res
284 3038 406 3123 injuria
425 3037 466 3100 ad
487 3035 683 3122 Sophocleae
702 3038 780 3102 artis
799 3039 926 3122 regulas
946 3037 1104 3122 exigeret,
1125 3059 1183 3102 nec
1201 3036 1300 3101 totius
1311 3035 1415 3120 operis

162 3195 167 3211 .
218 3144 432 3210 diversitatem
465 3145 675 3231 perspiceret,
688 3145 715 3231 ⁴)
747 3148 816 3209 tum
841 3145 926 3228 quod
950 3165 1017 3210 uon
1041 3145 1163 3210 videret
1186 3166 1222 3209 ea
1245 3143 1324 3209 vitia
1348 3164 1414 3208 non

252 3399 276 3460 1)
295 3399 441 3464 flamengus
462 3412 516 3447 eum
539 3396 567 3448 ab
589 3397 762 3448 inconstantiae
778 3397 880 3448 crimine
895 3398 987 3463 pariter
1004 3399 1076 3461 atque
1092 3396 1121 3447 ab
1138 3394 1248 3445 omnibns
1265 3393 1319 3444 aliie
1335 3394 1416 3444 crimi-

220 3481 287 3531 arhna
311 3481 434 3530 vindicare
458 3484 556 3530 conatae
581 3485 630 3540 eat,
656 3481 721 3530 omni
744 3481 804 3530 vitio
828 3483 950 3530 carentum
973 3482 1068 3545 poetam
1092 3477 1238 3544 praedicans.
1265 3477 1323 3526 ltine
1340 3477 1415 3538 liber,

221 3563 344 3630 euripides
360 3563 496 3622 restitutus,
516 3564 574 3614 darn
591 3563 694 3614 nimium
712 3563 812 3629 probare
829 3563 896 3623 vult,
911 3563 974 3612 nihil
988 3560 1098 3628 probasse
1107 3561 1209 3610 ridetur.
1233 3561 1261 3610 ln
1271 3559 1417 3609 defendendo

222 3647 333 3714 Euripide
359 3645 389 3698 ab
415 3645 616 3697 obtrectatoribus
641 3663 679 3697 me
701 3647 808 3712 proiecto
825 3662 874 3696 noa
890 3646 1017 3696 indocilem
1034 3643 1118 3695 babuit
1136 3645 1262 3702 lectorem,
1279 3643 1319 3692 aed
1335 3644 1417 3692 tamea

222 3729 283 3780 ieter
300 3731 427 3796 legendum
445 3746 536 3781 mecum
553 3747 622 3797 aaepe
639 3729 809 3780 exclamabam:
829 3745 877 3780 non
893 3729 938 3778 tali
954 3729 1056 3778 anxilio!
1076 3729 1164 3778 Poetae
1181 3727 1244 3777 enim
1263 3724 1363 3774 masilia
1379 3739 1417 3773 aa·

222 3815 291 3866 eribit
306 3821 332 3866 et
349 3815 439 3876 landet,
455 3833 523 3882 qnae,
541 3817 605 3881 quod
621 3831 744 3880 nunqnam
758 3812 850 3874 habuit,
867 3813 998 3863 laudandae
1006 3816 1049 3862 eat.
1069 3814 1156 3862 caecae
1166 3807 1418 3860 admirationieerem-

223 3899 287 3963 plan
310 3899 355 3948 boc
376 3915 452 3950 anam
474 3899 587 3959 audian,
612 3898 675 3962 qnod
700 3895 822 3946 mutendit
847 3895 968 3960 Euripidis
992 3895 1113 3945 Electram
1141 3891 1288 3959 Sophocleee
1314 3890 1417 3940 multum

223 3985 353 4046 praestare!

256 4063 283 4128 2)
301 4065 402 4128 lniquna
424 4067 449 4113 et
469 4063 554 4113 durim
576 4063 602 4112 in
625 4069 722 4128 poetam
746 4076 783 4110 me
803 4060 883 4124 judica
905 4065 941 4110 eet
963 4076 985 4110 v.
1008 4059 1038 4110 cl.
1063 4075 1085 4110 v.
1108 4060 1222 4110 heaven
1240 4056 1279 4106 uhi
1296 4055 1420 4106 contendit

225 4144 289 4208 (diae.
310 4162 383 4212 anpra
404 4145 500 4196 laudata
523 4162 561 4211 pg.
589 4144 703 4210 ae-ae)
727 4159 782 4194 enm
798 4143 972 4208 intelligentem
991 4143 1041 4192 eine
1058 4143 1155 4192 numine
1172 4140 1254 4189 divino
1271 4137 1419 4204 tragoediam

225 4229 286 4278 utare
301 4243 350 4278 non
366 4243 445 4294 porea,
462 4243 536 4293 quum
556 4227 607 4294 ipae
627 4227 768 4291 religionen
785 4225 1030 4292 repudiaret,callide
1039 4229 1119 4275 tamen
1129 4223 1310 4274 ratiocinatione
1319 4222 1418 4272 ductum

226 4308 279 4358 deca
294 4311 319 4360 iu
336 4310 428 4362 tabulae
445 4327 499 4360 auae
516 4309 683 4361 introduxisse.

259 4393 283 4452 8)
299 4393 430 4458 Aeschylus
446 4393 510 4442 enirn
528 4394 609 4442 eodem
626 4408 688 4442 anuo
707 4395 818 4442 mortum
836 4396 928 4458 estque
943 4391 1069 4457 Euripidae
1082 4391 1186 4457 primum
1196 4385 1420 4456 tragoediaadoeuit

227 4472 255 4522 cl.
273 4475 342 4524 nine.
359 4475 385 4524 in
402 4476 452 4524 vite
470 4475 554 4526 drach.
571 4492 609 4541 pg.
630 4477 657 4534 t,
676 4475 701 4524 in
720 4477 773 4524 due.

259 4557 287 4620 4)
303 4557 339 4606 Ol.
364 4556 541 4607 Bernhardium
565 4573 603 4622 pg.
629 4557 685 4606 389.
712 4557 758 4606 ‚ra
775 4561 838 4606 vere
858 4556 972 4606 verhehrt
989 4557 1037 4606 aud
1055 4553 1156 4621 nobillig
1171 4554 1217 4605 dea
1234 4553 1332 4604 aetiten
1350 4551 1416 4602 Mea-

227 4635 277 4688 ese
293 4639 434 4706 malagon,
456 4639 506 4688 aud
525 4654 571 4688 voa
589 4638 640 4689 ihm
656 4653 686 4688 au
703 4638 799 4688 tardem
817 4653 866 4688 vae
882 4639 936 4687 dem
952 4637 1051 4688 aetiten
1068 4636 1185 4702 'ingiter
1203 4637 1300 4686 aniene
1319 4633 1371 4682 eine
1389 4645 1416 4680 ao
