3418 5356
889 431 934 498 94

317 619 443 706 losophi
478 619 667 706 jamdudum
705 615 1095 703 anthropomorphismum
1126 613 1287 699 indignati
1317 613 1504 699 religionem

315 726 501 813 popularem
514 726 792 811 impugnaverant,
806 745 941 810 quorum
953 721 1076 809 primus
1088 725 1157 786 erat
1178 719 1455 807 Xenophanes
1469 717 1507 806 ¹).

314 833 425 900 Unum
445 833 553 898 docuit
576 854 642 898 esse
662 833 773 911 deum,
795 851 929 916 eumque
951 829 1125 894 maximum
1149 832 1183 894 et
1204 827 1392 893 mortalibus
1415 848 1507 913 pror-

315 963 369 1006 sus
392 939 574 1004 dissimilem
586 937 633 1026 ²);
658 961 731 1004 enm
755 938 840 1003 enim
861 958 927 1002 uon
947 936 1043 1002 variis
1063 935 1208 1000 sensibus
1228 937 1283 1000 sed
1295 937 1364 1000 toto
1377 954 1508 1019 corpore

315 1046 412 1113 simul
434 1046 542 1111 omnia
565 1047 725 1132 percipere
738 1049 773 1132 ³).
795 1041 894 1112 Nullo
910 1046 984 1130 jure
1004 1043 1149 1109 homines
1168 1042 1290 1128 fingere
1310 1043 1385 1108 deos
1403 1041 1508 1127 figure

315 1154 457 1219 humana
485 1153 616 1218 indutos
645 1152 849 1238 vestibusque
883 1150 1032 1216 humanis
1062 1150 1211 1236 amictos3
1235 1150 1332 1215 boves
1354 1152 1387 1214 et
1410 1169 1508 1234 equos

316 1280 459 1346 quoque,
482 1259 508 1323 si
531 1260 672 1344 cogitare
691 1264 723 1324 et
743 1261 875 1345 pingere
893 1261 1043 1342 possent,
1065 1260 1140 1322 deos
1159 1256 1219 1322 sibi
1238 1255 1356 1321 similes
1375 1254 1508 1321 ficturos

317 1367 432 1452 esse⁴).
463 1364 611 1450 Turpiter
633 1386 709 1451 ergo
732 1369 843 1452 poetes
866 1365 1039 1430 humanam
1064 1367 1213 1440 naturam
1235 1363 1405 1449 omenque
1427 1383 1508 1447 quae

316 1473 401 1557 apud
424 1471 570 1537 homines
592 1494 692 1558 prava
713 1473 780 1537 siut
802 1472 862 1538 diis
885 1471 1066 1537 attribuisse
1078 1477 1115 1557 ⁵).

362 1577 484 1642 Eodem
514 1579 608 1643 modo
632 1579 879 1645 Heraclitus
900 1578 1095 1664 improbavit
1116 1576 1251 1642 traditas
1275 1576 1405 1641 deorum
1427 1574 1508 1641 ima-

318 1686 427 1772 gines,
470 1686 603 1773 ideoque
636 1709 695 1772 pro
731 1708 787 1752 sua
818 1687 990 1752 acerbitate
1021 1685 1196 1750 Homerum
1219 1682 1510 1768 Archilochumque

318 1793 530 1859 verberandos
561 1798 594 1859 et
616 1816 633 1858 e
656 1793 882 1859 certaminibus
905 1792 1076 1879 ejiciendos
1100 1813 1167 1856 esse
1190 1790 1356 1856 contendit
1369 1790 1405 1877 8).
1437 1788 1510 1874 lpse

319 1924 476 1968 summam
499 1901 601 1987 legem
626 1902 825 1967 substituisse
847 1900 989 1981 videtur,
1012 1922 1108 1986 quem
1128 1900 1225 1974 Δθκνν
1245 1898 1310 1964 sive
1329 1896 1511 1962 iatumsive

319 2011 411 2088 λόγον
431 2009 498 2074 sive
519 2006 634 2074 Jovem
657 2008 801 2073 vocabat.

365 2115 560 2181 Posteriores
582 2114 764 2200 philosophi
787 2135 854 2179 non
874 2116 951 2179 data
970 2114 1098 2201 quidem
1121 2134 1218 2198 opera
1236 2112 1527 2198 impugnaverunt·

319 2222 525 2308 religionem,
557 2225 612 2287 sed
635 2244 744 2288 eorum
767 2221 887 2306 placita
910 2221 938 2286 ei
960 2242 1089 2306 prorsus
1112 2221 1346 2306 repugnabant.
1370 2219 1511 2285 Demo·

320 2329 456 2395 oritus
482 2329 516 2394 sl
541 2331 615 2394 θεῖον
639 2327 721 2393 nihil
744 2327 830 2393 aliud
854 2327 970 2392 habere
994 2328 1101 2412 potuit
1123 2349 1219 2414 quam
1241 2331 1407 2406 naturam,
1430 2349 1512 2413 quae

319 2436 429 2501 omnia
461 2439 568 2501 movet
599 2439 695 2521 atque
727 2434 947 2521 complectitur
959 2434 996 2520 ⁷).
1033 2433 1181 2500 Vidimus
1215 2457 1311 2520 supra
1349 2434 1416 2521 (pg.
1455 2434 1511 2521 79)

321 2564 392 2608 eum
424 2543 554 2608 deorum
578 2542 779 2628 popularium
804 2541 960 2628 originem
984 2545 1125 2626 repetere
1148 2563 1166 2606 a
1189 2540 1355 2626 principiis
1378 2543 1511 2606 natura·

322 2724 508 2734 ——u—-a

356 2844 383 2909 1)
400 2843 524 2892 Philolaus
539 2842 601 2891 dixit
617 2842 689 2891 deum
706 2841 786 2891 omnis
802 2841 927 2906 complecti
944 2841 1098 2907 omniumque
1115 2857 1196 2892 rerum
1211 2858 1260 2892 esse
1275 2843 1433 2909 principium,
1448 2845 1513 2909 quod

320 2925 450 2975 verisimile
472 2927 506 2974 est
529 2939 583 2973 eum
605 2923 631 2973 in
653 2923 803 2988 Pythagoreo
825 2923 933 2973 didicisse
950 2923 1081 2990 discipline.
1108 2925 1156 2974 Hic
1173 2928 1296 2991 praetereo
1312 2925 1343 2975 eb
1359 2926 1513 2990 Hieronymo

322 3008 396 3074 (apud
415 3007 483 3073 Diog.
500 3007 529 3056 L.
548 3007 626 3055 VIlI.
645 3008 667 3066 l,
685 3007 713 3071 4)
737 3010 850 3056 narretur
870 3007 1017 3056 contendisse
1034 3022 1059 3056 se
1077 3007 1103 3056 iu
1121 3008 1184 3057 Orco
1202 3007 1289 3057 vidisse
1308 3008 1410 3058 Homeri
1428 3009 1514 3060 Hesio·

322 3091 393 3156 dique
418 3105 498 3139 menes
522 3088 649 3140 tormentis
675 3088 818 3149 excruciari,
842 3090 906 3154 quod
928 3105 1002 3155 preve
1023 3090 1051 3138 de
1070 3089 1190 3156 Olympiis
1206 3090 1362 3140 rettulissent.
1387 3091 1440 3141 Hac
1456 3107 1514 3142 vero

322 3174 417 3234 fabule,
444 3173 512 3223 ouius
533 3171 611 3222 fontes
628 3171 717 3232 latent,
735 3171 803 3236 qussi
819 3175 884 3221 certo
902 3171 1039 3222 testimonio
1057 3173 1093 3222 nti
1110 3188 1157 3223 nou
1175 3187 1305 3239 possumus.
1324 3174 1425 3224 Constet
1440 3174 1515 3225 etism

322 3257 484 3322 Pythagoreos
507 3270 637 3320 numquam
653 3254 764 3320 populari
781 3255 892 3320 religioni
908 3255 1006 3305 infestos
1023 3256 1095 3308 fuisse
1112 3271 1197 3306 verum
1213 3253 1350 3322 Apollinem
1365 3260 1391 3308 et
1408 3259 1434 3310 in
1451 3274 1515 3326 mys·

322 3340 390 3390 teriis
407 3339 466 3389 elios
482 3353 575 3404 quoque
592 3338 647 3386 deos
664 3337 702 3402 pie
719 3336 825 3387 coluisse.

356 3423 383 3486 2)
401 3422 471 3486 Apud
489 3420 563 3470 Clem.
580 3420 648 3470 Alex.
666 3421 754 3469 Strom.
773 3421 807 3470 V.
823 3419 873 3474 ‘114
889 3421 919 3470 0:

573 3496 609 3561 sic
625 3500 677 3560 θιθο
692 3498 718 3550 ’θν
736 3517 766 3550 τι
782 3499 857 3550 θιοῖσι
874 3500 916 3550 nel
933 3498 1077 3564 ἀνθρώποισι
1095 3501 1233 3566 μέγιστος,

574 3581 633 3634 ote·
651 3581 731 3646 δέμας
748 3582 869 3641 θνητοῖσιν
886 3583 984 3645 θμοθίος
1001 3581 1060 3633 ote·
1077 3586 1162 3646 νόημα.

358 3670 386 3735 8)
403 3669 466 3718 Sext.
484 3667 553 3734 Eup.
571 3669 614 3728 lx.
633 3669 678 3718 44:

599 3745 672 3809 odere
688 3749 744 3816 δρᾷ,
761 3744 835 3808 obeso
851 3746 879 3798 δὲ
896 3751 958 3807 νοοῖ,
976 3745 1049 3809 οὖλος
1066 3748 1094 3800 δέ
1110 3751 1137 3800 π’
1155 3749 1246 3802 ιἰκοθοι.

357 3836 386 3901 4)
402 3850 440 3900 ep.
457 3833 532 3884 Clam.
549 3832 615 3884 Alex.
634 3836 723 3884 Stroux.
744 3833 774 3883 V.
792 3833 840 3882 col
859 3833 889 3882 D.

359 3918 386 3984 t)
403 3919 466 3967 Sext.
484 3916 553 3982 Ilmp.
571 3916 616 3969 IX.
635 3916 696 3966 1982

591 3996 676 4047 πάντα
693 3997 754 4056 θοοῖς
770 3996 886 4056 detineas
903 3995 1014 4064 Ὅμηρος
1032 3996 1148 4058 Ἡσίοδός
1165 4017 1197 4050 σι

590 4078 656 4130 doce
674 4081 731 4143 παρ’
751 4079 909 4144 θνθρθποισιν
926 4079 1020 4131 desidua
1036 4080 1077 4131 sal
1095 4080 1176 4146 ψθγοο
1193 4079 1264 4142 ἐστὶ,

591 4161 723 4220 κλέπτειν,
740 4161 868 4227 μοιχιθιιν
885 4162 927 4214 aul
944 4162 1073 4222 ἀλλήλους
1089 4163 1232 4215 θπιιτοθοιν.

358 4251 386 4316 d)
405 4248 475 4313 Diog.
498 4249 525 4298 L.
542 4248 580 4297 IX
598 4247 621 4300 l.
639 4247 662 4296 1.
681 4247 723 4295 πθν
741 4245 762 4294 θ’
778 4244 888 4310 Ὅμηρον
905 4244 1014 4311 ’θφιοσκιν
1033 4246 1100 4315 θξιον
1117 4244 1146 4297 ἔκ
1162 4252 1211 4298 τῶν
1226 4248 1326 4314 ἀγώνοιν
1341 4247 1511 4314 θκβθλλισθσιι

326 4331 368 4382 sal
386 4330 533 4398 ῥαπίζεσθαι
550 4329 593 4379 νοοῖ
610 4328 766 4392 Ἀρχίλοχον
784 4329 880 4390 ὁμοίως.

358 4413 386 4480 7)
403 4414 458 4466 Vid.
475 4413 552 4464 Zeller
569 4413 590 4462 1.
607 4428 646 4478 pg.
663 4411 719 4462 838.
738 4411 832 4462 Placuit
848 4413 870 4462 ei
887 4416 967 4463 temen
983 4427 1032 4463 esse
1050 4427 1132 4462 revers
1148 4415 1237 4480 species
1250 4416 1509 4481 qnesdemhoninibus

323 4497 413 4549 similes
435 4496 461 4548 iu
478 4501 545 4554 stre.
562 4511 620 4562 ques
636 4494 749 4546 morteles
766 4495 871 4546 sensibus
888 4497 1044 4563 percipientes
1059 4495 1149 4560 injurie
1165 4497 1190 4548 iu
1207 4498 1306 4549 deorum
1322 4515 1422 4550 numero
1439 4500 1512 4551 hebe-

322 4584 389 4639 reut,
403 4595 477 4645 quum
491 4583 584 4632 stetere
598 4582 622 4633 et
636 4577 720 4632 robore
728 4580 823 4630 tentum
831 4578 973 4630 excellerent
982 4578 1058 4644 (Sext.
1067 4579 1135 4650 llup.
1147 4581 1226 4633 Meth.
1239 4581 1281 4632 lll.
1293 4581 1332 4633 le.
1341 4581 1507 4650 uelletne).
