3408 5360
799 473 841 538 13

268 655 315 722 De
348 656 595 722 Heraclidis
626 657 764 722 maxima
795 659 844 721 est
874 658 958 721 inter
990 658 1074 722 viros
1106 660 1216 722 doctos
1250 658 1415 723 dissensio.

223 761 323 839 Quam
354 763 497 828 fabulam
529 784 626 847 quum
659 763 863 828 Hermannus
901 763 935 827 in
972 757 1264 848 antiquissimarum
1300 764 1418 829 habeat

224 892 366 946 numero,
378 869 471 954 eique
482 891 627 934 assensus
639 869 750 934 Firius
761 870 804 934 ob
815 870 935 934 indicia
947 870 1099 934 historica
1111 868 1161 936 Ol.
1176 870 1253 947 83,4
1266 871 1414 948 ascribat,
1433 883 1483 930 444

224 974 390 1061 Pflnghius
412 975 506 1059 ponit
528 975 613 1040 inter
636 974 686 1042 01.
712 976 789 1052 87,2
814 978 848 1039 et
871 977 967 1053 88,3,
991 974 1133 1060 Elmsley
1157 974 1481 1042 440141041114-444
1508 997 1532 1044 et
1548 995 1598 1044 444

225 1080 322 1146 tincta
345 1081 395 1147 Ol.
420 1083 498 1166 88,3
522 1082 705 1158 ascribunt,
719 1081 838 1145 Bodius
862 1102 935 1146 vero
955 1080 1152 1146 Boechhium
1173 1085 1298 1146 secutus
1317 1080 1414 1144 1401.
1432 1091 1482 1139 444

225 1188 301 1264 9143
333 1190 471 1254 revocat.
502 1187 651 1252 Instituti
679 1188 741 1252 mei
765 1209 885 1252 memor
908 1209 975 1252 rem
999 1187 1035 1251 in
1060 1187 1163 1251 medio
1187 1187 1376 1270 relinquam.
1392 1184 1417 1273 ¹)
1434 1187 1482 1240 411

225 1405 309 1456 sinaut.
334 1408 401 1456 llaec
423 1424 471 1458 non
493 1412 593 1473 possunt
613 1410 672 1474 quin
690 1409 813 1474 designent
832 1409 1079 1475 rerumpublicarum
1096 1413 1193 1459 statum.
1213 1409 1253 1458 01.
1271 1411 1329 1469 844
1347 1410 1420 1459 Athe·
1436 1401 1486 1451 420

225 1489 315 1539 nienses
331 1491 447 1541 eiusmodi
464 1491 602 1541 societatem
618 1507 673 1541 cnm
689 1492 786 1556 Argivis
804 1491 987 1555 conjunxerunt.

257 1571 321 1620 hlihi
343 1576 424 1622 444444
446 1589 484 1622 res
509 1572 937 1624 4441444444144411414414441444
956 1573 1064 1640 expedita
1083 1574 1184 1623 ridetur.
1204 1573 1233 1623 V.
1256 1573 1419 1628 use-1207

225 1653 317 1704 Atheus
327 1653 396 1718 jubet
413 1655 523 1705 victimas
539 1656 660 1707 immolari
677 1656 703 1704 in
720 1656 815 1721 tripode
833 1661 918 1714 aeneo,
937 1672 1007 1720 quam
1026 1655 1143 1705 Hercules
1160 1672 1173 1704 e
1191 1656 1269 1704 141444
1285 1657 1421 1722 ’14414444-

223 1733 276 1788 tun
301 1737 391 1788 'l'heseo
417 1739 566 1797 tradidisset,
592 1755 693 1804 eumque
718 1739 834 1804 inscripto
857 1738 1014 1803 jurejurando
1041 1739 1066 1788 in
1091 1739 1172 1799 alveo,
1202 1739 1300 1804 Delphis
1325 1741 1420 1798 voveri,

225 1819 328 1870 cultrum
345 1825 426 1870 antem
440 1821 510 1884 juxta
525 1838 653 1888 corporum
670 1821 740 1871 busta
757 1821 782 1871 in
799 1826 891 1871 terram
908 1821 1028 1872 abscondi.

258 1904 339 1967 Quare
363 1903 475 1953 4444111411
497 1904 667 1954 caerimoniam
692 1906 743 1953 tarn
767 1905 896 1968 diligenter
918 1908 942 1953 et
964 1908 1015 1953 tam
1038 1905 1175 1970 scrupulose
1192 1905 1316 1970 descripsit
1333 1910 1421 1971 poetae

228 1987 312 2034 Nonne
334 1985 399 2035 dicas
423 1979 479 2051 'qnia
501 2002 584 2036 revera
605 1986 686 2036 omnis
703 1987 739 2035 ita
755 1986 819 2036 iacta
836 1990 933 2036 essent?
952 1988 1007 2036 Non
1025 1987 1089 2035 enim
1106 1991 1142 2036 est
1159 1987 1289 2037 44414144114
1305 1987 1325 2036 41
1342 1987 1422 2037 1414414

227 2071 280 2116 4444
308 2067 389 2117 foedus
414 2071 511 2133 pactum
534 2084 616 2118 scenae
638 2068 763 2117 commissa
786 2071 847 2117 esset
870 2069 942 2134 idque
968 2085 982 2117 s
1006 2072 1076 2134 poeta
1102 2069 1421 2128 commendaretur,

228 2165 280 2198 4444
297 2153 355 2199 4444
371 2150 417 2199 4411
435 2150 560 2214 diligentia
577 2167 675 2200 usurum
692 2151 771 2200 inisse.
791 2152 823 2200 At
840 2152 865 2200 in
882 2151 952 2201 istins
968 2151 1086 2216 pactionis
1103 2151 1249 2216 expositione
1268 2153 1330 2216 apud
1347 2153 1420 2202 'l'hne¹

228 2231 269 2296 (V.
278 2233 324 2295 47)
336 2248 384 2282 non
393 2233 464 2282 modo
472 2233 562 2282 nullius
571 2233 673 2298 tripodis
682 2235 709 2282 14
717 2234 822 2293 mentio,
833 2235 872 2282 sed
881 2249 929 2282 non
939 2233 1017 2281 minue
1026 2233 1114 2282 diserte
1123 2232 1293 2298 praescribitur
1299 2233 1422 2296 jusjuran-

228 2315 284 2364 dum
301 2315 483 2381 insculpendnm
499 2316 525 2364 in
542 2315 675 2374 columnis,
692 2315 792 2379 singulis
808 2316 834 2364 iu
851 2315 949 2366 urbibus
962 2319 987 2362 et
1001 2315 1127 2380 Olympiae
1144 2315 1235 2379 positis.
1255 2315 1318 2376 §112
1336 2318 1385 2373 elec
1395 2314 1422 2364 δὲ

228 2393 344 2459 §eulaius
350 2434 411 2445 .....
429 2396 575 2462 ἀναγράψαι
593 2394 617 2446 ἔν
634 2395 751 2459 στήλῃ
775 2396 894 2460 λιθίνῃ
913 2396 1054 2455 Ἀθηναίους
1072 2397 1117 2457 μὲν
1135 2393 1160 2445 ἓν
1178 2398 1249 2446 πόλει
1268 2415 1289 2445 a.
1300 2415 1324 2445 τ.
1335 2407 1422 2447 λ

228 2475 382 2526 malducus
400 2477 427 2528 δὲ
445 2477 487 2526 aui
505 2478 709 2540 Ὀλυμπίασι
733 2477 857 2538 στήλην
885 2481 1014 2541 χαλκῆν
1040 2481 1105 2542 κοινῇ
1125 2478 1274 2540 Ὀλυμπίοις
1291 2481 1346 2537 τοῖς
1363 2480 1422 2529 4441.

262 2560 368 2625 Uterque
393 2562 486 2611 diversa
508 2564 599 2610 narrat.
623 2564 661 2611 An
685 2561 812 2626 Euripides
834 2561 910 2625 igitur
932 2561 996 2610 aliud
1017 2562 1137 2626 quoddam
1154 2561 1235 2609 foedus
1253 2577 1307 2610 cum
1325 2563 1423 2626 Argivis

228 2642 359 2706 aiguihrare
376 2643 496 2708 putandus
512 2647 565 2692 est?
582 2645 683 2692 Praeter
699 2644 763 2692 istud
782 2659 856 2693 unum
873 2647 968 2692 tantum
981 2643 1050 2702 novi,
1066 2644 1138 2707 (quod
1152 2644 1235 2695 Aesch.
1245 2645 1423 2708 quoqnesigni·

229 2723 413 2775 1444141144444
439 2725 593 2791 ‘teu-ioc),
610 2730 707 2791 pactum
724 2742 780 2775 vero
796 2726 878 2791 paucis
894 2725 962 2775 annis
979 2729 1034 2774 ante
1049 2741 1120 2790 qnam
1138 2725 1229 2775 fabulas
1244 2727 1328 2775 docere
1345 2726 1424 2792 coepit

229 2805 270 2870 (ad
287 2806 326 2854 01.
345 2809 415 2870 803)
433 2811 466 2868 (4.
485 2808 562 2857 ’11444
583 2809 603 2867 1,
622 2810 676 2857 loe.
696 2808 826 2856 Pausanias
845 2809 866 2867 l,
884 2808 942 2868 29,8
960 2811 984 2857 et
1001 2810 1024 2866 9,
1045 2809 1088 2856 111.
1107 2807 1184 2871 247).
1437 2813 1486 2866 447

264 2889 315 2936 Viri
331 2889 395 2938 docti
412 2895 535 2956 praeterea
550 2893 748 2954 argumentantur
762 2890 843 2939 odium
859 2889 1026 2939 Thebanorum
1040 2890 1065 2938 in
1074 2889 1155 2939 fabula
1164 2903 1311 2955 expressum.
1331 2891 1423 2956 Nempe

229 2970 267 3020 Ol
285 2970 343 3030 88,4
359 2971 517 3021 Athenienses
533 2971 650 3021 'l'hebanis
667 2973 765 3020 iniectos
782 2972 867 3028 inisse,
884 2973 951 3022 cuins
968 2972 1003 3020 rei
1017 2989 1087 3021 cansa
1101 2973 1134 3021 sit
1150 2973 1277 3037 repetenda
1291 2987 1305 3020 a
1317 2973 1422 3022 Panactc
1439 2977 1489 3028 420

229 3068 276 3102 nou
299 3054 411 3103 restituto
435 3053 520 3118 (Thne.
544 3055 571 3108 V.
589 3055 629 3103 89.
647 3056 687 3102 40.
705 3055 747 3102 44.
766 3055 810 3118 44)
827 3057 851 3103 44
869 3054 985 3103 memoria
1001 3054 1075 3103 cladis
1093 3054 1202 3104 Deliacse
1221 3069 1274 3103 curn
1292 3054 1378 3103 Boeoti
1394 3053 1425 3103 iis

229 3139 378 3185 mertuorum
400 3135 549 3201 sepulturam
571 3135 759 3200 denegavissent.
782 3138 815 3185 At
835 3136 900 3186 istud
918 3136 999 3186 odium
1018 3137 1053 3185 nil
1070 3135 1177 3186 acerbius
1194 3137 1234 3184 sed
1251 3135 1335 3185 mitius
1351 3152 1425 3200 paene

228 3232 363 3282 expressum
385 3226 420 3267 eat
443 3233 515 3282 qnam
537 3233 583 3283 pro
598 3218 651 3283 ipso
667 3217 760 3267 fabulae
778 3222 927 3280 argumento.
954 3219 1054 3268 Accedit
1070 3220 1132 3282 quod
1150 3217 1256 3267 'l'hebani
1270 3216 1320 3280 jam
1338 3218 1425 3268 indea

229 3297 285 3348 balli
301 3299 391 3349 Persici
407 3299 555 3365 temporibus
572 3299 648 3349 odiosi
665 3300 732 3348 inere
751 3299 940 3351 Atheniensibus.

267 3382 353 3432 Deinde
376 3397 411 3432 va.
431 3381 478 3434 187
497 3380 597 3444 Σπάρτη
615 3382 661 3442 4414
679 3381 733 3442 ὠμὴ
750 3381 792 3430 sal
810 3383 973 3433 πεποίκιλται
991 3384 1096 3445 τρόπους
1114 3383 1185 3447 vulgo
1204 3383 1309 3432 44144444
1325 3385 1354 3433 41
1371 3399 1426 3433 con·

228 3464 356 3513 traseraias
381 3464 565 3514 Atheniensium
582 3469 607 3514 et
623 3465 800 3530 Spartiatarum
817 3466 845 3513 de
862 3469 932 3530 pacto
949 3465 1045 3514 4141444.
1065 3468 1098 3515 At
1115 3465 1220 3515 41114444
1239 3467 1351 3532 Spartam
1364 3466 1425 3530 jam·

229 3545 318 3596 141444
334 3546 443 3596 lallacem
459 3547 692 3611 444444444444(ο1.
710 3563 748 3612 pg.
767 3547 873 3611 priorem
891 3551 974 3597 annot.
995 3549 1028 3612 l).

263 3629 330 3694 Quae
352 3629 433 3679 omnia
456 3629 547 3678 14414444
565 3633 592 3678 44
613 3629 633 3678 41
650 3629 711 3678 mihi
728 3629 757 3678 da
774 3629 914 3695 Supplicnm
932 3632 1010 3678 aetate
1026 3629 1166 3694 suffragium
1185 3630 1217 3680 sit
1235 3631 1358 3680 terendum
1376 3630 1426 3680 sine

229 3710 376 3761 dubitatione
393 3712 468 3760 ieram
489 3712 559 3761 -Nou
577 3710 679 3776 liquet.”

263 3793 291 3858 1)
309 3795 362 3844 Noa
387 3793 474 3844 inutile
496 3797 532 3842 est
549 3809 632 3843 eorum
650 3797 792 3858 argumenta
809 3795 925 3858 quaedam
942 3794 1058 3843 intentius
1074 3793 1172 3844 intueri.
1192 3795 1273 3844 lirina
1290 3796 1426 3854 contendit.

229 3877 337 3940 44444414
352 3877 446 3942 copiam
462 3875 566 3941 amplam
583 3879 752 3940 argumentum
770 3875 896 3942 praebeat,
913 3881 993 3926 tamen
1011 3876 1073 3925 nihil
1089 3876 1172 3926 acerbe
1190 3877 1216 3926 in
1231 3877 1428 3928 Lacedaemonios

229 3973 279 4008 ease
300 3959 397 4009 1144444.
422 3959 548 4024 Phugliins
572 3975 628 4008 rerc
651 3959 676 4007 in
700 3963 794 4024 partem
811 3975 909 4025 prorsus
926 3959 1071 4009 contrariam
1089 3961 1213 4025 disputans
1229 3961 1332 4010 affirmat
1349 3961 1427 4012 multo

229 4040 309 4106 aptius
330 4042 359 4090 ad
383 4041 625 4091 lacedaemoniorum
647 4041 787 4090 inimicitias
809 4041 893 4090 drama
916 4041 1000 4090 4414441
1018 4055 1088 4105 qnam
1108 4043 1136 4090 ad
1157 4042 1300 4104 Argivorum
1317 4043 1427 4093 deiectio·

230 4127 295 4172 sem!
323 4123 440 4189 Quamvis
465 4123 593 4172 4444441444
618 4123 681 4172 411411
707 4123 737 4172 114
765 4126 846 4188 aperte
874 4123 1027 4189 exprobrari,
1046 4127 1115 4188 putat
1130 4127 1209 4172 tamen
1226 4125 1333 4188 poetam,
1352 4141 1426 4190 qunm

230 4204 385 4256 Athenienses
403 4205 502 4254 inducat
519 4205 607 4270 captivi
625 4205 753 4269 Eurysthei
770 4205 833 4254 vitae
850 4211 986 4270 parcentes,
1001 4205 1073 4254 tacita
1088 4206 1225 4270 vituperare
1241 4221 1321 4256 necem
1331 4207 1427 4257 Platae-

230 4285 322 4337 4441444
339 4287 363 4337 14
378 4287 525 4336 deditionem
543 4290 702 4353 acceptorum.
720 4287 858 4352 Qnaesitius
875 4288 920 4337 hcc
937 4288 1015 4353 primo
1033 4291 1128 4352 aspectu
1143 4287 1199 4336 licet
1213 4287 1336 4348 rideatur,
1346 4293 1426 4340 tamen

231 4368 309 4418 neeric
333 4385 362 4418 aa
388 4368 480 4434 aliquid
497 4368 585 4418 dixerit
602 4369 738 4434 Ρ11441144ς
757 4368 924 4432 gravissimum
942 4374 1022 4419 autem
1039 4385 1093 4419 eum
1110 4369 1173 4432 fugit
1190 4369 1329 4420 subsidium.
1349 4371 1425 4436 Rogat

231 4449 342 4500 Alcmene
357 4467 431 4516 quare
450 4449 530 4500 Iolaus
547 4454 643 4516 captum
659 4451 791 4500 servaverit
807 4451 915 4502 hostem=
933 4468 965 4502 44.
986 4453 1033 4500 881

615 4533 673 4594 παρ’
691 4531 748 4592 ἡμῖν
766 4533 811 4593 μὲν
828 4535 877 4595 ’γὰρ
896 4533 924 4584 οὐ
945 4535 1020 4596 σοφὸν
1038 4529 1096 4580 τάδε

549 4609 652 4676 ἐχθροῦς
671 4617 783 4676 λαβόντα
802 4614 994 4676 pedrurio-aedas
1015 4614 1095 4670 1144»,
