3422 5362
219 1237 458 1298 Prodemium
474 1280 1330 1300 ..................
1391 1237 1408 1298 1

219 1347 313 1408 PARS
334 1347 359 1406 Ι.
387 1347 665 1427 Prolegomens
672 1391 1331 1410 ..............
1392 1347 1413 1407 5

258 1459 358 1520 (lupus
378 1461 404 1520 I.
435 1459 477 1520 De
498 1461 647 1537 Euripidis
664 1461 725 1522 vitu
772 1503 1329 1524 ............
1391 1461 1412 1520 5

259 1570 358 1632 dorus
377 1571 418 1634 ΙΙ.
451 1573 493 1631 De
513 1572 680 1632 lsbulsrum
701 1572 889 1651 chronologia
923 1615 1331 1639 .........
1393 1573 1411 1631 7

338 1680 354 1762 ξ
371 1682 401 1744 1.
428 1683 567 1742 Drsmsts
584 1683 620 1742 de
638 1702 763 1760 quorum
782 1685 876 1744 setste
894 1687 1010 1744 exstent
1020 1685 1187 1744 testimonis
1198 1687 1332 1745 velerum
1394 1683 1411 1742 7

338 1793 403 1874 §E
432 1795 569 1854 Drsrnsto
592 1795 628 1854 de
647 1814 773 1872 quornm
795 1798 890 1855 seinte
910 1795 984 1854 nihil
1005 1795 1147 1855 traditum
1168 1800 1232 1856 est.
1274 1844 1280 1856 .
1324 1840 1331 1856 .
1372 1795 1413 1856 10

337 1903 354 1986 5
374 1902 403 1964 3.
431 1905 591 1966 Conclusio.
614 1905 684 1966 Tres
704 1909 815 1966 seistes
836 1905 981 1982 opinionis
1001 1906 1037 1965 de
1058 1905 1144 1966 rebus
1165 1905 1280 1966 divinis.
1323 1954 1329 1968 .
1373 1905 1413 1965 15

259 2015 358 2075 Cspuu
377 2015 436 2079 111.
468 2017 511 2076 De
532 2019 661 2078 moribus
682 2021 713 2076 et
733 2017 853 2096 ingenio
873 2017 1022 2093 Euripidis
1024 2061 1331 2079 .......
1373 2017 1413 2077 19

339 2125 403 2207 §l
435 2127 476 2187 De
496 2129 645 2206 Euripidis
664 2128 762 2188 indole
774 2171 1332 2196 ............
1373 2130 1413 2191 19

337 2237 403 2320 §E
432 2239 474 2298 De
493 2243 557 2299 erle
577 2238 735 2315 Euripides
773 2280 1332 2300 ............

219 2364 313 2424 Plus
332 2365 374 2428 11.
408 2367 505 2437 Quid
527 2365 735 2444 Euripides
756 2365 799 2425 de
821 2384 946 2425 rerum
967 2371 1110 2424 usturs
1130 2366 1299 2426 senserit
1325 2413 1332 2428 .

259 2475 357 2538 Onrur
376 2477 401 2538 Ι.
433 2478 652 2538 Prsemonends
673 2477 710 2536 de
730 2477 930 2536 Vslokenserii
952 2476 1178 2554 disputatione.
1221 2523 1228 2538 .
1272 2526 1278 2540 .
1323 2528 1330 2541 .

259 2588 358 2649 Gerus
378 2590 420 2650 II.
452 2591 494 2649 llo
516 2593 583 2650 ortu
605 2592 636 2647 ei
655 2588 780 2647 interitu
801 2607 910 2648 rerum.
941 2587 1060 2647 Coelum
1082 2592 1113 2647 ei
1133 2588 1230 2652 Terre.
1274 2633 1281 2649 .
1325 2637 1332 2652 .

259 2697 357 2759 cinon
377 2700 435 2762 111.
467 2700 690 2777 Meleorologios
710 2699 853 2777 quaedum
876 2744 1333 2764 ..........
1373 2703 1414 2764 59

259 2813 359 2870 Corus
377 2811 428 2872 1v.
461 2811 621 2871 Terrestris
640 2811 784 2889 queedsm
824 2852 1333 2876 ...........
1375 2814 1415 2874 70

259 2919 358 2980 (lopus
379 2921 412 2982 V.
446 2923 607 2983 (lonelusio.
629 2923 783 2999 Euripides
802 2920 916 2981 nullius
934 2921 1047 2982 suholue
1068 2927 1193 2984 sestulor
1225 2972 1231 2986 .
1274 2972 1281 2988 .
1324 2970 1331 2987 .
1375 2925 1414 2986 73

219 3047 314 3108 PARS
334 3047 394 3109 III.
426 3049 523 3118 Quid
544 3050 754 3126 Euripides
773 3049 817 3109 ds
838 3048 953 3108 rebus
973 3049 1122 3110 divinis
1141 3052 1331 3114 senserit.
1374 3052 1414 3112 79

219 3161 254 3220 Δ.
289 3157 511 3236 Prolepomrno
523 3203 1332 3229 .................
1374 3165 1414 3224 79

260 3271 359 3330 Ossu'r
379 3271 405 3330 L
437 3272 479 3331 De
500 3271 649 3350 religionis
670 3271 795 3331 (irueose
816 3271 930 3349 origine
949 3277 980 3331 et
1000 3273 1113 3332 retione
1124 3314 1331 3336 .....
1374 3275 1414 3335 79

260 3382 359 3442 ΟΔΡυτ
379 3383 422 3443 Π.
452 3383 566 3461 Religio
588 3383 735 3460 populeris
755 3383 834 3459 spud
854 3383 1009 3460 scriptores
1028 3384 1169 3460 Euripide
1188 3386 1300 3462 priores
1324 3435 1331 3448 .
1373 3387 1413 3448 83

260 3495 360 3554 Gerus
380 3494 438 3556 III.
480 3495 591 3572 Religio
625 3495 773 3572 popularis
804 3493 882 3570 spud
914 3493 1099 3571 philosophos
1130 3501 1161 3554 et
1190 3496 1333 3574 sophistes

299 3623 394 3683 usque
414 3607 452 3666 ud
472 3605 621 3683 Euripidis
641 3611 763 3666 setstem
773 3649 1331 3672 ............
1372 3611 1413 3671 93

221 3717 254 3776 Β.
287 3715 406 3796 Religio
425 3716 588 3796 poprdaris
607 3716 695 3793 opud
716 3715 899 3793 Euripidem
924 3761 1331 3780 .........
1373 3722 1413 3784 96

259 3828 359 3890 Coeus
378 3828 429 3890 IV.
461 3829 666 3888 Euudsmeuts
685 3829 748 3887 eius
769 3827 939 3903 opinionum
972 3871 1331 3893 ........
1372 3831 1413 3894 96

259 3939 359 3998 cisun
380 3939 415 3998 V.
447 3939 490 3998 De
509 3939 717 4016 resupina
725 3980 1331 4004 .............
1372 3945 1412 4005 97

261 4049 360 4110 cesus
380 4050 431 4110 VI.
463 4049 506 4108 Du
525 4053 620 4110 seteis
637 4049 762 4110 ssounds
770 4091 1331 4116 ............
1373 4056 1414 4118 99

340 4161 404 4245 51.
434 4162 481 4222 Dii
500 4163 660 4238 vitupersti
676 4202 1330 4227 ..............
1373 4167 1413 4228 99

340 4274 404 4356 52.
434 4274 481 4332 Dii
502 4274 614 4333 lsudsii
623 4317 1330 4338 ...............
1352 4277 1412 4340 107

340 4383 405 4468 53.
434 4385 585 4454 Quomodo
605 4383 800 4462 discrepantis
820 4383 991 4462 expliosnds
1010 4385 1049 4443 sii
1075 4428 1330 4452 ......
1352 4389 1413 4452 109

339 4499 354 4580 5
376 4499 404 4560 l.
433 4499 479 4558 Dii
500 4499 643 4558 scelerum
663 4501 797 4556 suctores
823 4537 1329 4562 ...........
1352 4501 1413 4562 117

340 4609 355 4690 fi
376 4610 405 4670 5.
436 4611 477 4669 lle
499 4607 682 4669 Divinatione
723 4647 1330 4676 .............
1352 4613 1413 4678 lli
