3408 5360
733 1490 928 1602 PARS
960 1491 1032 1600 Π.

293 1751 415 1830 QUID
441 1747 696 1843 EURIPIDES
721 1746 787 1818 Da
811 1744 985 1818 RERUM
1011 1744 1211 1819 NATURA
1238 1745 1475 1821 SENSIlRlT.

770 2182 957 2268 CAPUT
979 2183 1013 2266 Ι.

427 2415 692 2466 PRAEMONENDA
716 2416 762 2465 Da
787 2415 1053 2466 VALOKENAERII
1079 2413 1342 2464 nrsrurarlorn.

335 2582 399 2646 Eas
423 2584 614 2660 sententias,
639 2606 717 2668 quas
740 2583 906 2669 Euripides
929 2585 967 2648 de
991 2583 1084 2649 rebus
1107 2583 1246 2668 physicis
1269 2581 1417 2665 exhibet,
1442 2581 1479 2644 il·

291 2689 497 2755 lustrissimns
520 2691 701 2775 philologus
724 2693 850 2755 nostras
874 2690 1122 2756 Valckenaerius
1141 2712 1205 2775 qua
1223 2691 1285 2754 fuit
1302 2688 1479 2754 eruditione

290 2795 324 2859 in
356 2795 491 2860 diatriba
521 2795 560 2859 de
588 2795 783 2880 perditorum
814 2796 994 2860 dramatum
1025 2797 1166 2880 reliquiis
1197 2798 1236 2881 (c.
1261 2795 1327 2878 IV,
1352 2793 1390 2867 V,
1418 2791 1479 2877 VI)

291 2900 436 2985 collegit,
457 2901 625 2985 disposuit,
651 2905 881 2966 commentatus
895 2906 950 2966 est
978 2901 1169 2968 Posteriores
1182 2903 1323 2987 plerique
1334 2902 1369 2965 in
1382 2898 1478 2965 verba

290 3006 434 3092 magistri
454 3007 574 3092 egregii
582 3008 782 3092 juraverunt.
796 3006 900 3082 Quum
912 3011 1019 3073 tamen
1032 3029 1098 3072 non
1110 3030 1238 3095 prorsus
1250 3030 1321 3073 cum
1332 3007 1387 3070 illo
1401 3026 1478 3070 oon-

291 3113 407 3177 sentire
437 3113 572 3198 possim,
597 3112 711 3197 reliqui
735 3118 841 3178 autem
864 3113 1047 3199 paucissimi
1070 3114 1126 3199 qui
1149 3115 1178 3180 ei
1202 3113 1343 3179 oblocuti
1365 3113 1440 3178 sunt
1455 3111 1480 3197 ¹)

289 3222 412 3304 partem
432 3222 558 3284 tantum
583 3219 777 3304 quaestionis
794 3219 931 3285 breviter
951 3221 1105 3305 complexi
1125 3221 1192 3284 sint
1210 3241 1267 3284 neo
1279 3240 1349 3283 meo
1359 3216 1478 3303 judicio

290 3324 406 3410 ubique
429 3348 537 3391 verum
559 3326 747 3410 tetigerint,
771 3347 838 3390 non
860 3326 973 3391 inutile
996 3326 1074 3390 mihi
1096 3326 1199 3391 visum
1224 3328 1272 3390 est
1294 3328 1395 3390 totam
1414 3346 1479 3388 rem

291 3431 393 3496 denuo
416 3434 618 3516 pertractare.
655 3430 792 3497 Videtur
814 3432 893 3496 mihi
916 3431 1162 3497 Valckenaerius
1186 3431 1329 3516 quamvis
1353 3429 1481 3494 investi-

289 3541 382 3622 gator
413 3538 611 3603 acutissimus
643 3538 738 3602 nimis
769 3542 886 3602 temere
917 3536 951 3601 in
983 3537 1199 3602 concludendo
1234 3541 1377 3602 versatus
1414 3557 1481 3600 esse

290 3663 393 3726 neque
416 3644 491 3708 satis
521 3644 724 3728 perpendisse
755 3643 937 3708 testimonia
965 3643 1136 3728 quaedam,
1166 3665 1246 3729 quae
1269 3644 1336 3728 ipse
1360 3642 1480 3706 attulit.

290 3747 394 3823 Quum
425 3749 510 3813 enim
539 3753 663 3815 constet
693 3751 778 3815 inter
808 3771 918 3814 omnes
949 3750 1174 3834 Anaxagoram
1197 3749 1294 3814 fuisse
1316 3748 1479 3833 Euripidis

289 3861 542 3940 praeceptorem,
571 3856 671 3920 sicubi
697 3859 790 3941 poeta
817 3855 855 3920 de
879 3877 984 3920 rerum
1005 3859 1120 3920 natura
1141 3856 1222 3920 dixit
1242 3856 1376 3940 aliquid,
1400 3877 1481 3939 quae

289 3961 427 4044 plurima
449 3963 596 4026 accurata
615 3962 823 4048 indagatione
843 3961 989 4046 collegit,
1010 3962 1119 4027 statim
1143 3985 1179 4027 ea
1199 3963 1307 4027 omnia
1324 3962 1425 4026 defert
1440 3964 1480 4025 ad

290 4065 503 4151 Anaxagorae
530 4067 665 4152 placita,
698 4070 913 4133 demonstrare
945 4071 1079 4134 conatus
1106 4068 1295 4153 discipulum
1320 4089 1479 4132 »amorem

292 4192 354 4256 quo
369 4176 603 4258 praeceptorem
626 4175 660 4238 in
680 4174 730 4239 his
747 4174 841 4238 rebus
852 4177 1033 4259 sequeretur
1046 4174 1212 4259 aliquoties
1223 4175 1375 4239 testatum
1389 4173 1481 4238 nobis

290 4278 458 4344 volnissc’'.
499 4279 625 4345 Liceat·
645 4280 723 4344 mihi
760 4281 856 4365 paulo
891 4281 1046 4347 diversam
1077 4281 1161 4346 viam
1191 4282 1334 4366 ingresso
1368 4282 1480 4365 poetae

322 4533 350 4598 1)
368 4532 442 4581 Velut
457 4532 612 4592 Bouterwek,
632 4533 721 4591 Haase,
736 4531 803 4581 cuins
820 4532 963 4598 disputatio,
983 4548 1054 4597 qnam
1070 4548 1207 4598 comparare
1224 4533 1283 4581 mihi
1301 4548 1348 4581 nou
1365 4531 1479 4596 contigit,

290 4631 332 4681 per
350 4614 511 4664 &samarium
528 4615 646 4680 quendam
663 4614 723 4664 milri
741 4614 859 4673 innotuit,
879 4613 1204 4664 Wilamowita·Mdllcudorff
1218 4618 1262 4664 cat.
