3408 5360
893 426 932 492 l8

314 608 408 678 modo
428 613 504 676 ante
523 609 653 676 Medeae
672 609 899 694 tetralogiam?
918 609 988 694 Ego
1008 632 1074 675 non
1092 613 1184 675 credo
1196 611 1258 675 ho'c
1270 607 1504 694 imprudentius

315 722 347 783 et
368 718 634 784 inconsideratius
654 717 741 802 poni.
762 717 843 782 Mihi
865 739 931 782 nou
950 718 1120 782 verisimile
1138 719 1281 796 videtur,
1300 719 1327 783 si
1339 717 1506 802 Euripides

312 827 381 912 jaru
415 831 509 891 antea
538 825 748 909 improbasset
779 827 909 888 deorum
940 824 1142 908 popularium
1163 847 1265 891 mores
1289 829 1321 889 et
1346 825 1505 909 regimen,

315 933 381 997 eius
404 933 450 998 rei
468 933 553 997 inter
571 914 623 996 tot
641 953 748 997 versus
767 931 951 1016 superstites
971 931 1061 995 nulla
1080 931 1120 995 ad
1134 952 1192 995 nos
1205 937 1397 1015 perventura
1409 931 1506 997 fuisse

314 1039 516 1117 testimonia,
544 1061 643 1122 quum
666 1043 741 1103 ante
763 1039 871 1102 omnia
894 1037 1047 1102 eiusmodi
1071 1037 1248 1102 sententiae
1268 1037 1506 1123 philosophicae

316 1168 333 1210 e
356 1145 508 1210 dramatis
530 1145 662 1230 perditis
684 1145 802 1210 servari
824 1145 957 1209 soleant.

360 1251 485 1317 Relicto
510 1251 687 1337 Hippolyto
708 1251 813 1336 prima
835 1251 927 1314 nobis
949 1251 984 1314 in
1009 1241 1123 1315 itinere
1145 1251 1240 1315 static
1264 1254 1312 1315 est
1335 1249 1506 1335 tetralogia

248 1371 297 1421 415
315 1356 428 1424 Troica
451 1380 531 1442 quae
550 1361 682 1423 vocatur
705 1357 768 1441 (Ol.
783 1358 885 1442 91,1)‚
904 1356 1124 1422 Alexandrum
1145 1357 1345 1423 Palamedem
1369 1357 1508 1422 Troades

315 1463 488 1549 Sisyphum
511 1465 687 1549 complexa.

360 1570 507 1636 Priorum
531 1573 710 1636 dramatum
732 1571 882 1656 reliquiae
902 1571 983 1635 nihil
1004 1573 1043 1636 de
1063 1570 1122 1635 diis
1141 1571 1362 1637 observatione
1374 1571 1506 1657 dignum

315 1680 500 1764 continent,
522 1679 557 1743 in
576 1678 753 1762 Troadibus
777 1699 851 1743 vcro
875 1699 968 1762 saepe
989 1677 1266 1763 reprehenduntur
1280 1677 1306 1764 ¹)
1325 1683 1357 1743 et
1374 1679 1507 1743 omuino

317 1787 421 1852 variae
439 1787 598 1851 orationes
610 1785 770 1850 habentur
783 1807 895 1870 parum
907 1786 1115 1850 verecundiae
1127 1788 1159 1850 et
1170 1785 1244 1850 fidei
1255 1788 1468 1853 ostendentes.
1480 1784 1507 1872 ⁵)

315 1893 433 1958 Omnia
464 1893 627 1959 declarant
656 1915 729 1958 eum
759 1895 889 1957 deorum
921 1892 1045 1958 civitati
1075 1913 1142 1956 non
1165 1892 1405 1957 reconciliatum
1430 1914 1505 1960 esse.

314 1999 438 2066 Similes
470 2000 536 2066 lere
558 2001 636 2066 sunt
657 1999 899 2077 Andromache,
924 1997 1069 2076 Hecabe,
1098 1997 1251 2064 Hercules
1274 1997 1401 2084 furens,
1428 2021 1507 2083 quas

314 2107 439 2173 fabulas
462 2113 498 2172 ut
522 2130 587 2173 uon
608 2129 665 2173 suo
686 2129 829 2193 quaeque
848 2128 933 2171 anno
953 2107 1069 2171 ascribi
1087 2106 1189 2190 possit
1207 2109 1317 2170 tamen
1330 2105 1507 2190 generatim

165 2232 298 2281 430-415
316 2215 350 2280 iu
383 2215 444 2280 hcc
474 2216 653 2300 quindecim
685 2236 842 2280 annorum
872 2214 1011 2298 spatium
1044 2213 1085 2277 ab
1114 2213 1165 2277 Ol.
1190 2214 1266 2296 87,2
1291 2212 1331 2276 ad
1355 2211 1404 2279 Ol.
1431 2213 1506 2297 91,1

316 2322 427 2387 cadere
456 2323 604 2390 vidimus.
637 2321 700 2388 Vix
730 2322 904 2406 quidquam
934 2319 1031 2404 impie
1059 2319 1181 2384 dictum
1203 2319 1323 2403 legitur
1344 2319 1381 2382 iu
1404 2318 1508 2383 Hera·

316 2428 407 2493 clidis
430 2430 464 2494 et
484 2428 707 2514 Supplicibus3
732 2427 809 2493 haec
831 2427 939 2491 fabula
957 2427 1067 2510 utique
1086 2425 1205 2510 pietate
1224 2428 1257 2490 et
1277 2426 1376 2489 animi
1398 2425 1507 2510 aequi-

316 2537 382 2600 tate
414 2534 549 2620 insignis
579 2536 637 2600 est.
669 2534 760 2610 Quod
790 2535 942 2618 reputans
965 2538 1092 2617 poetam
1117 2532 1348 2616 aliquantisper
1371 2532 1506 2596 medita-

315 2643 457 2707 tionibus
486 2642 800 2726 dubitationibusque
830 2639 1018 2704 intermiaasi
1041 2639 1155 2703 laetius
1176 2660 1227 2702 res
1250 2638 1406 2703 humanas
1430 2659 1508 2704 cou-

314 2749 505 2833 templatum
522 2770 588 2812 esse
607 2751 696 2832 puto,
714 2746 760 2811 At
776 2769 843 2811 non
863 2746 936 2822 diu,
956 2745 1088 2829 opinor3
1112 2767 1189 2809 nam
1201 2747 1238 2808 ut
1250 2745 1399 2831 pleraque
1410 2744 1506 2810 huius

315 2854 428 2919 aetatis
451 2874 557 2938 opera,
580 2853 625 2918 sic
648 2875 788 2938 eaquae
811 2852 949 2916 Troades
973 2854 1081 2916 secuta
1100 2855 1175 2916 sunt
1195 2850 1319 2916 Helena
1337 2854 1369 2916 et
1381 2851 1509 2917 Orestes

315 2960 499 3046 exprimunt
526 2960 669 3024 animum
694 2963 731 3024 de
754 2959 847 3024 rebus
870 2959 987 3023 divinis
1010 2958 1211 3022 dubitantem
1237 2957 1433 3022 diffidentem
1456 2959 1508 3022 in-

315 3069 488 3134 credulum.
504 3068 530 3154 ³)
560 3067 620 3132 lon
643 3064 772 3132 Electra
794 3066 963 3151 Iphigenia
986 3065 1138 3143 Taurica,
1163 3066 1229 3130 sive
1253 3068 1294 3129 ad
1317 3065 1376 3129 hos
1400 3073 1509 3150 poste·

314 3175 412 3239 riores
435 3194 538 3238 annos
560 3175 626 3239 sive
649 3176 689 3238 ad
713 3174 834 3258 priores
857 3173 1013 3237 trahenda
1036 3176 1122 3250 sunt,
1145 3193 1181 3236 eo
1202 3172 1452 3256 progrediuntur
1472 3175 1511 3235 ut

315 3281 375 3345 diis
405 3281 547 3346 actiones
576 3281 617 3344 ab
647 3279 796 3344 omnibus
826 3279 928 3364 poetis
959 3279 1093 3343 traditas
1127 3277 1234 3362 palam
1265 3277 1391 3342 crimini
1413 3279 1507 3356 dent,

283 3437 285 3442 .
315 3387 487 3471 aliquando
523 3386 632 3451 addita
661 3386 884 3451 observatione
915 3386 992 3450 vitia
1021 3386 1061 3450 iis
1097 3385 1252 3449 attributa
1281 3384 1344 3450 fide
1373 3385 1510 3468 indigna

314 3494 415 3559 videri
428 3495 465 3580 ⁴).
582 3511 584 3516 ·

359 3601 552 3666 Huiusmodi
583 3601 760 3667 sententiae
790 3599 844 3666 six
875 3599 959 3665 ullae
992 3599 1028 3664 iu
1052 3599 1220 3684 postremis
1245 3597 1362 3665 fabulis
1385 3599 1510 3663 inveni·

312 3713 429 3792 untur,
454 3709 513 3773 etsi
538 3707 790 3773 Labdacidarum
815 3706 926 3771 domus
949 3706 1093 3770 funditus
1113 3727 1221 3770 eversa
1241 3706 1290 3790 (iu
1311 3705 1506 3791 Phoenissis)

312 3818 346 3880 et
378 3815 658 3880 innocentissimae
692 3813 879 3898 Iphigeniae
911 3815 1020 3878 caedes
1052 3811 1099 3897 (in
1133 3811 1205 3895 Iph.
1240 3795 1340 3896 Aul.)
1365 3811 1507 3896 amplam

313 3924 388 3986 deos
409 3921 560 4006 carpendi
580 3920 704 4004 copiam
727 3919 932 4004 praebebant.
950 3915 1062 4002 Neque
1085 3917 1120 3980 in
1141 3916 1331 4002 fragmentis
1349 3915 1508 4001 Antiopes

314 4025 468 4092 Oenomai
500 4025 670 4111 Chrysippi
702 4025 886 4090 Alcmeonis
912 4023 1109 4090 Corinthiaci
1132 4023 1282 4088 Archelai
1306 4021 1507 4108 Hypsipylae

313 4136 495 4200 occurrunt.
531 4132 674 4198 Bacchae
707 4135 870 4216 praeterea
899 4151 1018 4215 magna
1054 4132 1085 4195 vi
1115 4131 1280 4209 illustrant
1310 4129 1506 4194 sententiam

347 4325 374 4389 l)
392 4325 477 4375 Veluti
494 4325 596 4389 Adbaq.

344 4408 373 4472 2)
391 4409 440 4457 884
456 4423 517 4472 sqq,
535 4407 677 4466 940-950,
695 4405 840 4466 cll-css,
861 4405 924 4458 loct
940 4423 1001 4471 sqq,
1018 4421 1078 4471 quse
1096 4387 1250 4455 infrs'lusiua
1266 4400 1382 4454 tractabo.

346 4491 373 4555 3)
392 4489 448 4538 Hel.
466 4490 499 4538 20
514 4505 558 4554 sq„
577 4489 640 4540 1137
658 4506 718 4555 sqq,
737 4492 779 4540 Or.
798 4490 848 4539 285
865 4506 926 4555 &lq-t
944 4491 993 4540 956
1010 4505 1045 4553 sq.

346 4573 375 4637 4)
396 4571 430 4624 lll.
448 4571 514 4621 11⁹0
530 4588 589 4637 sqq,
608 4574 673 4622 1245
690 4587 750 4637 sqq,
778 4573 828 4624 lon.
846 4589 880 4622 vs.
900 4570 1042 4630 sec-4⁶1,
1060 4571 1115 4636 Iph.
1132 4573 1204 4622 Tanr.
1221 4587 1255 4622 vs.
1273 4571 1306 4619 86
1322 4585 1366 4635 aq,
1384 4571 1434 4619 880
1450 4585 1501 4634 sqq.
