3418 5356
890 425 932 490 62

313 611 418 676 locum
440 608 545 676 Schol.
569 607 646 674 Eur.
670 608 751 673 idem
777 607 933 672 affirmare
957 607 1093 672 videtur.
1113 606 1166 672 Ad
1187 607 1316 692 Hippol.
1339 607 1401 673 601
1423 627 1504 692 quo-

314 739 375 802 que
397 715 431 781 in
457 715 555 782 schol.
581 715 698 780 citatur
721 714 841 796 χρυσέα
864 713 983 798 βῶλος,
1008 715 1124 780 omisso
1144 716 1253 778 tamen
1273 714 1425 779 dramatis
1445 735 1505 778 no·

315 824 409 889 mine.
440 824 519 888 Indo
543 821 650 906 ampla
673 821 814 886 nascitur
837 821 877 884 ad
901 820 1134 906 conjiciendum
1158 820 1314 885 materies.
1345 819 1428 886 Sunt
1449 820 1505 905 qui

314 930 374 995 sibi
399 929 567 994 videantur
602 950 671 993 eam
702 949 810 993 vocem
839 928 1013 1012 repperisse
1036 927 1070 992 in
1094 927 1133 992 fr.
1158 928 1251 1012 (771)
1275 926 1503 1010 Phaethontis,

314 1035 511 1102 aStrabone
540 1033 557 1098 Ι
588 1055 643 1120 pg.
677 1036 719 1100 33
751 1038 893 1118 servato,
920 1033 974 1098 ubi
1005 1055 1063 1119 pro
1096 1033 1201 1098 vorbis
1230 1031 1337 1108 Ἥλιος
1370 1035 1507 1114 οὶνέσχιιν

314 1142 471 1226 χρυσέα
516 1141 670 1219 βάλλει
718 1142 850 1222 φλογὶ
897 1141 1067 1226 legendum
1113 1143 1306 1206 censuerunt
1351 1139 1506 1224 χρυσέμ

314 1249 427 1330 βώλῳ
459 1248 610 1329 φλέγει
636 1247 781 1332 (Bornos.
805 1246 943 1312 Eorster.
969 1246 1108 1329 Valclr.).
1135 1245 1223 1322 Quae
1247 1249 1354 1311 tamen
1380 1247 1506 1332 conjec-

313 1361 387 1420 tura
406 1355 485 1419 mihi
504 1355 654 1420 audacior
665 1354 799 1419 videtur.
813 1352 916 1429 Quum
930 1353 1016 1418 enim
1028 1354 1088 1418 iste
1101 1375 1210 1418 versus
1222 1354 1421 1438 corruptelae
1433 1353 1506 1418 nul-

315 1462 382 1526 lum
402 1483 478 1546 prae
498 1483 530 1526 se
542 1461 624 1526 ferat
635 1460 804 1539 indicium,
819 1460 897 1545 quin
910 1460 1017 1544 potius
1029 1459 1145 1525 rectius
1155 1483 1189 1525 se
1201 1460 1318 1525 habeat
1329 1461 1507 1526 meliorem-

314 1589 377 1652 que
399 1567 550 1652 praebeat
574 1589 700 1632 sensum
724 1589 820 1652 quam
845 1568 1012 1631 emendata
1036 1566 1158 1631 seilicet
1177 1566 1233 1631 illa
1251 1566 1364 1645 lectio,
1385 1570 1508 1631 mutare

315 1676 412 1740 nolim
438 1674 622 1739 tastimonio
646 1672 740 1737 unius
764 1670 919 1757 Diogenis
942 1671 1122 1756 saepissime
1145 1672 1281 1737 errantis
1305 1673 1483 1738 obsecutus.

361 1779 493 1846 Censuit
512 1779 612 1864 igliur
632 1778 825 1844 Matthiaeus
843 1778 906 1843 illis
918 1777 1022 1843 verbis
1034 1778 1141 1863 potius
1152 1778 1267 1864 respici
1279 1778 1333 1846 Or.
1348 1780 1413 1844 982
1426 1800 1507 1864 sqq.·‚

316 1888 431 1974 quibus
454 1886 582 1951 Electra
605 1885 748 1971 querelas
771 1884 910 1950 fundens
934 1885 997 1950 ait:

587 1990 713 2070 μέλοιμι
736 1991 796 2056 σὰν
819 1992 944 2072 οὐρανοῦ

588 2098 680 2176 μέσον
703 2095 809 2178 χθονός
834 2121 869 2163 τε
893 2095 1070 2176 τεταμέναν

590 2205 763 2285 αἰωρήμασι
786 2203 909 2283 μυρέαιο

589 2310 703 2390 πέτραν
727 2310 855 2376 οὶλύσεσι
879 2311 1043 2394 χρυσέαισι
1067 2310 1241 2393 Φερομέναν

591 2418 701 2485 aluam
725 2417 825 2495 βῶλον
850 2414 885 2495 έξ
907 2418 1090 2498 Ὀλύμπου,

588 2522 631 2591 ἵν’.
651 2525 682 2589 έν
707 2511 849 2605 θρήνοισιν
872 2523 1041 2602 οέναβοοέσα

591 2632 708 2713 γέροντι
733 2632 827 2712 πατρὶ
852 2631 1022 2715 Τανσοὶλιρ.

362 2739 432 2825 Ego
455 2743 564 2804 tamen
588 2759 691 2820 neque
710 2736 785 2802 huic
803 2737 949 2822 opinioni
968 2740 1115 2803 accedere
1136 2759 1276 2822 possum.
1290 2737 1420 2804 Nullam
1432 2737 1508 2803 solis

317 2846 584 2932 significationem
607 2842 784 2928 perspicere
806 2865 934 2929 possum
957 2845 993 2908 in
1017 2844 1121 2910 vorbis
1144 2845 1243 2922 βῶλος
1268 2845 1362 2923 μέσον
1385 2849 1509 2924 οὐρανοῦ

186 3000 188 3005 -
316 2952 421 3033 χθονός
454 2978 488 3017 σε
521 2950 680 3028 τεταμένα
714 2951 844 3017 οὶλύσεσι
870 2950 1016 3030 χρυσέοις
1041 2953 1206 3033 φερομένα.
1230 2951 1356 3018 Scholia
1381 2952 1508 3038 quidem

318 3062 451 3124 monent
474 3058 520 3136 ei,
544 3057 600 3143 qui
623 3056 656 3120 id
680 3077 745 3120 non
767 3056 929 3142 intelligat
947 3060 1106 3143 quomodo
1125 3058 1172 3124 sol
1192 3081 1208 3123 e
1228 3059 1348 3124 catenis
1368 3059 1510 3143 pendens

317 3163 513 3230 circumferri
531 3162 648 3249 possit,
669 3163 878 3246 reputandum
902 3185 969 3228 esse
984 3162 1168 3249 Euripidem
1180 3164 1312 3250 physica
1324 3169 1356 3230 et
1368 3165 1511 3250 mythico

318 3270 526 3347 confunder03
550 3291 660 3335 verum
677 3290 779 3354 neque
791 3268 922 3354 physice
933 3269 1067 3354 istarum·
1078 3274 1260 3336 catenarum
1273 3293 1406 3356 nsquam
1420 3293 1510 3336 men-

318 3376 363 3441 tio
383 3377 422 3440 fit
440 3398 543 3461 nequo
563 3375 711 3460 mythico.
732 3373 814 3451 Quid
835 3376 919 3461 quod
940 3376 1068 3441 additur
1087 3378 1258 3457 φερομέναν
1279 3375 1314 3455 έξ
1333 3379 1509 3454 Ὀλύμπου.

317 3483 405 3549 Num
424 3483 503 3548 haec
521 3481 652 3567 physica
672 3485 748 3546 sunt
769 3484 808 3547 de
827 3482 893 3547 sole
905 3482 1025 3567 placita
1037 3506 1079 3547 an
1092 3484 1250 3568 mythioae
1261 3484 1412 3550 fabulae?
1425 3483 1511 3549 Nolo

318 3592 424 3655 tamen
458 3588 707 3673 unumquodque
733 3589 865 3653 verbum
888 3590 1085 3674 ponderare,
1109 3591 1185 3675 quia
1208 3591 1286 3655 mihi
1309 3591 1452 3657 nondum
1475 3592 1509 3655 in

316 3697 479 3782 integrum
502 3695 650 3760 restituta
673 3695 798 3759 videtur
820 3695 915 3760 lectio
941 3694 1142 3762 hauddubie
1165 3698 1412 3783 corruptissima.
1506 3719 1509 3724 ·

364 3801 531 3868 Praeterea
552 3800 713 3865 affirmant
733 3800 861 3868 Scholia
881 3801 1054 3867 Tantalum
1067 3806 1104 3868 ut
1115 3804 1262 3870 manibus
1274 3806 1375 3890 passis
1387 3807 1512 3872 coelum

317 3912 460 3996 portaret
494 3908 743 3973 condemnatum
775 3907 880 3976 fuisse.
915 3907 961 3974 Ut
994 3910 1157 3976 mittamus
1189 3911 1311 3977 coelum
1335 3913 1421 3977 aliud
1445 3935 1514 3978 esse

319 4016 405 4080 aliud
425 4014 543 4093 solem,
568 4018 675 4079 tamen
699 4013 784 4078 hano
803 4013 946 4080 fabulam
971 4039 990 4080 a
1009 4017 1236 4101 posterioribus
1256 4022 1383 4084 demum
1403 4020 1514 4086 fictam

319 4143 386 4188 esse
408 4121 488 4186 mihi
512 4123 560 4187 est
582 4142 784 4205 persuasum,
809 4120 995 4207 Euripidem
1019 4127 1132 4190 contra
1149 4129 1291 4191 secutum
1311 4126 1407 4192 fuisse
1426 4127 1514 4192 anti-

319 4228 460 4313 quiorem
485 4229 518 4292 et
540 4226 751 4312 vulgatiorem
776 4228 922 4313 mythum
946 4252 1010 4315 quo
1030 4253 1125 4315 rupes
1144 4232 1211 4297 eius
1230 4232 1329 4318 capiti
1347 4233 1515 4299 imminere

320 4335 452 4420 dicitur,
478 4334 745 4420 quemadmodum
766 4335 850 4420 apud
869 4335 1097 4402 Archilochum
1118 4337 1170 4424 (fr.
1194 4341 1235 4405 48
1255 4342 1340 4424 apud
1360 4339 1510 4428 Bergk.):

866 4443 949 4519 Mar
972 4443 987 4509 d
1011 4441 1179 4511 Τανσοέλου
1203 4447 1243 4510 λέ
1250 4447 1330 4526 doc,

501 4547 585 4627 τῆσδ’
599 4549 672 4630 ὑπὲρ
695 4537 782 4624 νιὶσου
805 4549 975 4631 κρεμάσθω.
