<?xml version="1.0" encoding="UTF-8"?>
<!DOCTYPE html PUBLIC "-//W3C//DTD XHTML 1.0 Transitional//EN"
    "http://www.w3.org/TR/xhtml1/DTD/xhtml1-transitional.dtd">
<html xmlns="http://www.w3.org/1999/xhtml" xml:lang="en" lang="en">
 <head>
  <title>
</title>
<meta http-equiv="Content-Type" content="text/html;charset=utf-8" />
  <meta name='ocr-system' content='tesseract 3.04.00' />
  <meta name='ocr-capabilities' content='ocr_page ocr_carea ocr_par ocr_line ocrx_word'/>
</head>
<body>
  <div class='ocr_page' id='page_1' title='image "./commentatiodeeu00berlgoog_0023.png"; bbox 0 0 3408 5360; ppageno 0'>
   <div class='ocr_carea' id='block_1_1' title="bbox 886 443 906 506">
    <p class='ocr_par' dir='ltr' id='par_1_1' title="bbox 886 443 906 506">
     <span class='ocr_line' id='line_1_1' title="bbox 886 443 906 506; baseline 0 0"><span class='ocrx_word' id='word_1_1' title='bbox 886 443 906 506; x_wconf 90' lang='lat'>8</span> 
     </span>
    </p>
   </div>
   <div class='ocr_carea' id='block_1_2' title="bbox 217 621 1496 1664">
    <p class='ocr_par' dir='ltr' id='par_1_2' title="bbox 344 621 1492 919">
     <span class='ocr_line' id='line_1_2' title="bbox 344 621 1492 710; baseline 0 -20"><span class='ocrx_word' id='word_1_2' title='bbox 344 623 527 690; x_wconf 82' lang='lat' dir='ltr'>Alexander</span> <span class='ocrx_word' id='word_1_3' title='bbox 551 625 736 689; x_wconf 83' lang='lat' dir='ltr'>Palamedes</span> <span class='ocrx_word' id='word_1_4' title='bbox 759 624 947 689; x_wconf 80' lang='lat' dir='ltr'>Troades</span> <span class='ocrx_word' id='word_1_5' title='bbox 969 621 1123 709; x_wconf 81' lang='lat' dir='ltr'>Sisyphus</span> <span class='ocrx_word' id='word_1_6' title='bbox 1298 623 1347 688; x_wconf 92' lang='lat' dir='ltr'>Ol.</span> <span class='ocrx_word' id='word_1_7' title='bbox 1363 625 1437 701; x_wconf 87' lang='grc'><strong>91,1</strong></span> <span class='ocrx_word' id='word_1_8' title='bbox 1457 625 1492 710; x_wconf 87' lang='lat'>¹).</span> 
     </span>
     <span class='ocr_line' id='line_1_3' title="bbox 344 727 1492 816; baseline -0.002 -22"><span class='ocrx_word' id='word_1_9' title='bbox 344 731 548 796; x_wconf 85' lang='lat' dir='ltr'>Andromeda</span> <span class='ocrx_word' id='word_1_10' title='bbox 571 729 732 795; x_wconf 90' lang='lat' dir='ltr'>Helena</span> <span class='ocrx_word' id='word_1_11' title='bbox 1299 728 1349 794; x_wconf 87' lang='lat'>01.</span> <span class='ocrx_word' id='word_1_12' title='bbox 1364 731 1441 808; x_wconf 84' lang='lat'>91,4</span> <span class='ocrx_word' id='word_1_13' title='bbox 1454 727 1492 816; x_wconf 74' lang='lat'>⁵).</span> 
     </span>
     <span class='ocr_line' id='line_1_4' title="bbox 346 835 1492 919; baseline -0.001 -18"><span class='ocrx_word' id='word_1_14' title='bbox 346 837 518 902; x_wconf 88' lang='lat' dir='ltr'>Orestes</span> <span class='ocrx_word' id='word_1_15' title='bbox 667 851 669 854; x_wconf 82' lang='grc'><strong>’</strong></span> <span class='ocrx_word' id='word_1_16' title='bbox 1301 835 1492 919; x_wconf 49' lang='grc'><strong>019643).</strong></span> 
     </span>
    </p>

    <p class='ocr_par' dir='ltr' id='par_1_3' title="bbox 217 941 1496 1558">
     <span class='ocr_line' id='line_1_5' title="bbox 252 941 1493 1028; baseline 0.001 -21"><span class='ocrx_word' id='word_1_17' title='bbox 252 961 261 974; x_wconf 89' lang='grc'><em>·</em></span> <span class='ocrx_word' id='word_1_18' title='bbox 345 943 603 1008; x_wconf 80' lang='lat' dir='ltr'>Phoenissae</span> <span class='ocrx_word' id='word_1_19' title='bbox 627 942 809 1009; x_wconf 81' lang='lat' dir='ltr'>Oenomaus</span> <span class='ocrx_word' id='word_1_20' title='bbox 833 942 1030 1028; x_wconf 75' lang='lat' dir='ltr'>Chrysippus</span> <span class='ocrx_word' id='word_1_21' title='bbox 1056 942 1143 1007; x_wconf 84' lang='lat' dir='ltr'>brevi</span> <span class='ocrx_word' id='word_1_22' title='bbox 1168 945 1242 1008; x_wconf 86' lang='lat' dir='ltr'>ante</span> <span class='ocrx_word' id='word_1_23' title='bbox 1303 941 1352 1006; x_wconf 91' lang='grc'>01.</span> <span class='ocrx_word' id='word_1_24' title='bbox 1366 942 1444 1019; x_wconf 86' lang='grc'><strong>93,3</strong></span> <span class='ocrx_word' id='word_1_25' title='bbox 1456 942 1493 1027; x_wconf 82' lang='lat'>⁴).</span> 
     </span>
     <span class='ocr_line' id='line_1_6' title="bbox 346 1047 1493 1133; baseline -0.001 -20"><span class='ocrx_word' id='word_1_26' title='bbox 346 1047 526 1133; x_wconf 86' lang='lat' dir='ltr'>Hypsipyle</span> <span class='ocrx_word' id='word_1_27' title='bbox 548 1047 689 1132; x_wconf 88' lang='lat' dir='ltr'>Antiope</span> <span class='ocrx_word' id='word_1_28' title='bbox 713 1048 837 1113; x_wconf 87' lang='lat' dir='ltr'>circiter</span> <span class='ocrx_word' id='word_1_29' title='bbox 858 1049 942 1112; x_wconf 90' lang='lat' dir='ltr'>idem</span> <span class='ocrx_word' id='word_1_30' title='bbox 969 1054 1095 1133; x_wconf 84' lang='lat' dir='ltr'>ternpus</span> <span class='ocrx_word' id='word_1_31' title='bbox 1301 1047 1351 1112; x_wconf 88' lang='lat'>01.</span> <span class='ocrx_word' id='word_1_32' title='bbox 1365 1048 1442 1125; x_wconf 59' lang='lat'>933</span> <span class='ocrx_word' id='word_1_33' title='bbox 1457 1049 1493 1131; x_wconf 72' lang='lat'>⁴).</span> 
     </span>
     <span class='ocr_line' id='line_1_7' title="bbox 344 1151 1494 1238; baseline -0.002 -20"><span class='ocrx_word' id='word_1_34' title='bbox 344 1153 575 1238; x_wconf 81' lang='lat' dir='ltr'>Iphigenia</span> <span class='ocrx_word' id='word_1_35' title='bbox 602 1152 853 1218; x_wconf 76' lang='lat' dir='ltr'>Aulidensis</span> <span class='ocrx_word' id='word_1_36' title='bbox 881 1153 1035 1218; x_wconf 86' lang='lat' dir='ltr'>Alcmeon</span> <span class='ocrx_word' id='word_1_37' title='bbox 1060 1151 1284 1220; x_wconf 79' lang='lat' dir='ltr'>Corinthiacus</span> <span class='ocrx_word' id='word_1_38' title='bbox 1307 1152 1494 1217; x_wconf 90' lang='lat' dir='ltr'>Bacchae</span> 
     </span>
     <span class='ocr_line' id='line_1_8' title="bbox 299 1259 1495 1344; baseline -0.002 -20"><span class='ocrx_word' id='word_1_39' title='bbox 299 1264 425 1324; x_wconf 88' lang='lat' dir='ltr'>mortuo</span> <span class='ocrx_word' id='word_1_40' title='bbox 461 1264 556 1344; x_wconf 90' lang='lat' dir='ltr'>poeta</span> <span class='ocrx_word' id='word_1_41' title='bbox 590 1282 609 1323; x_wconf 92' lang='lat' dir='ltr'>a</span> <span class='ocrx_word' id='word_1_42' title='bbox 639 1260 706 1324; x_wconf 93' lang='lat' dir='ltr'>filio</span> <span class='ocrx_word' id='word_1_43' title='bbox 739 1260 878 1325; x_wconf 86' lang='lat' dir='ltr'>Athenis</span> <span class='ocrx_word' id='word_1_44' title='bbox 909 1260 1003 1324; x_wconf 90' lang='lat' dir='ltr'>docta</span> <span class='ocrx_word' id='word_1_45' title='bbox 1031 1265 1107 1325; x_wconf 87' lang='lat' dir='ltr'>sunt</span> <span class='ocrx_word' id='word_1_46' title='bbox 1129 1264 1161 1325; x_wconf 89' lang='lat' dir='ltr'>et</span> <span class='ocrx_word' id='word_1_47' title='bbox 1183 1261 1285 1344; x_wconf 85' lang='lat' dir='ltr'>igitur</span> <span class='ocrx_word' id='word_1_48' title='bbox 1308 1259 1397 1324; x_wconf 87' lang='lat' dir='ltr'>brevi</span> <span class='ocrx_word' id='word_1_49' title='bbox 1421 1261 1495 1322; x_wconf 87' lang='lat' dir='ltr'>ante</span> 
     </span>
     <span class='ocr_line' id='line_1_9' title="bbox 217 1364 1496 1450; baseline 0.002 -23"><span class='ocrx_word' id='word_1_50' title='bbox 217 1380 266 1428; x_wconf 78' lang='lat' dir='ltr'>eoo</span> <span class='ocrx_word' id='word_1_51' title='bbox 302 1368 437 1430; x_wconf 88' lang='lat' dir='ltr'>mortem</span> <span class='ocrx_word' id='word_1_52' title='bbox 462 1365 637 1450; x_wconf 88' lang='lat' dir='ltr'>composita</span> <span class='ocrx_word' id='word_1_53' title='bbox 660 1366 808 1430; x_wconf 84' lang='lat' dir='ltr'>videntur</span> <span class='ocrx_word' id='word_1_54' title='bbox 831 1366 956 1431; x_wconf 91' lang='lat' dir='ltr'>circiter</span> <span class='ocrx_word' id='word_1_55' title='bbox 1304 1364 1496 1448; x_wconf 77' lang='lat'>01.93,2⁵).</span> 
     </span>
     <span class='ocr_line' id='line_1_10' title="bbox 347 1471 1496 1558; baseline -0.002 -22"><span class='ocrx_word' id='word_1_56' title='bbox 347 1471 540 1536; x_wconf 81' lang='lat' dir='ltr'>Archelaum</span> <span class='ocrx_word' id='word_1_57' title='bbox 573 1492 698 1556; x_wconf 92' lang='lat' dir='ltr'>quoque</span> <span class='ocrx_word' id='word_1_58' title='bbox 723 1472 781 1536; x_wconf 92' lang='lat' dir='ltr'>sub</span> <span class='ocrx_word' id='word_1_59' title='bbox 805 1473 889 1537; x_wconf 85' lang='lat' dir='ltr'>vitae</span> <span class='ocrx_word' id='word_1_60' title='bbox 913 1472 1011 1537; x_wconf 90' lang='lat' dir='ltr'>finem</span> <span class='ocrx_word' id='word_1_61' title='bbox 1036 1472 1245 1558; x_wconf 88' lang='lat' dir='ltr'>compositum</span> <span class='ocrx_word' id='word_1_62' title='bbox 1270 1493 1337 1536; x_wconf 88' lang='lat' dir='ltr'>esse</span> <span class='ocrx_word' id='word_1_63' title='bbox 1358 1471 1496 1534; x_wconf 85' lang='lat' dir='ltr'>maxima</span> 
     </span>
    </p>

    <p class='ocr_par' dir='ltr' id='par_1_4' title="bbox 218 1573 1496 1664">
     <span class='ocr_line' id='line_1_11' title="bbox 218 1573 1496 1664; baseline -0.002 -22"><span class='ocrx_word' id='word_1_64' title='bbox 218 1595 268 1643; x_wconf 74' lang='lat' dir='ltr'>dcc</span> <span class='ocrx_word' id='word_1_65' title='bbox 303 1601 375 1643; x_wconf 90' lang='lat' dir='ltr'>cum</span> <span class='ocrx_word' id='word_1_66' title='bbox 398 1577 624 1662; x_wconf 77' lang='lat' dir='ltr'>probabilitate</span> <span class='ocrx_word' id='word_1_67' title='bbox 648 1577 763 1663; x_wconf 89' lang='lat' dir='ltr'>conjici</span> <span class='ocrx_word' id='word_1_68' title='bbox 785 1581 907 1663; x_wconf 87' lang='lat' dir='ltr'>potest:</span> <span class='ocrx_word' id='word_1_69' title='bbox 932 1600 1007 1664; x_wconf 87' lang='lat' dir='ltr'>ergo</span> <span class='ocrx_word' id='word_1_70' title='bbox 1027 1578 1117 1644; x_wconf 85' lang='lat' dir='ltr'>brevi</span> <span class='ocrx_word' id='word_1_71' title='bbox 1140 1581 1215 1642; x_wconf 87' lang='lat' dir='ltr'>ante</span> <span class='ocrx_word' id='word_1_72' title='bbox 1302 1576 1351 1641; x_wconf 92' lang='grc'>01.</span> <span class='ocrx_word' id='word_1_73' title='bbox 1366 1577 1443 1654; x_wconf 64' lang='grc'>933</span> <span class='ocrx_word' id='word_1_74' title='bbox 1457 1573 1496 1660; x_wconf 77' lang='lat'>⁰).</span> 
     </span>
    </p>
   </div>
   <div class='ocr_carea' id='block_1_3' title="bbox 219 1743 1499 2577">
    <p class='ocr_par' dir='ltr' id='par_1_5' title="bbox 301 1743 1498 2043">
     <span class='ocr_line' id='line_1_12' title="bbox 345 1743 1498 1828; baseline -0.002 -20"><span class='ocrx_word' id='word_1_75' title='bbox 345 1743 506 1828; x_wconf 78' lang='lat' dir='ltr'>Quaedam</span> <span class='ocrx_word' id='word_1_76' title='bbox 537 1744 662 1809; x_wconf 83' lang='lat' dir='ltr'>fabulae</span> <span class='ocrx_word' id='word_1_77' title='bbox 693 1746 743 1810; x_wconf 89' lang='lat' dir='ltr'>cui</span> <span class='ocrx_word' id='word_1_78' title='bbox 767 1767 853 1810; x_wconf 90' lang='lat' dir='ltr'>anno</span> <span class='ocrx_word' id='word_1_79' title='bbox 877 1746 1082 1811; x_wconf 80' lang='lat' dir='ltr'>ascribendae</span> <span class='ocrx_word' id='word_1_80' title='bbox 1105 1747 1171 1810; x_wconf 92' lang='lat' dir='ltr'>sint</span> <span class='ocrx_word' id='word_1_81' title='bbox 1192 1767 1257 1810; x_wconf 93' lang='lat' dir='ltr'>non</span> <span class='ocrx_word' id='word_1_82' title='bbox 1282 1745 1420 1810; x_wconf 88' lang='lat' dir='ltr'>traditur</span> <span class='ocrx_word' id='word_1_83' title='bbox 1442 1746 1498 1807; x_wconf 90' lang='lat' dir='ltr'>sed</span> 
     </span>
     <span class='ocr_line' id='line_1_13' title="bbox 301 1850 1498 1937; baseline -0.001 -22"><span class='ocrx_word' id='word_1_84' title='bbox 301 1852 440 1937; x_wconf 92' lang='lat' dir='ltr'>parodiis</span> <span class='ocrx_word' id='word_1_85' title='bbox 465 1855 498 1917; x_wconf 90' lang='lat' dir='ltr'>et</span> <span class='ocrx_word' id='word_1_86' title='bbox 521 1851 809 1937; x_wconf 82' lang='lat' dir='ltr'>significationibus</span> <span class='ocrx_word' id='word_1_87' title='bbox 833 1851 1078 1937; x_wconf 80' lang='lat' dir='ltr'>Aristophaneis</span> <span class='ocrx_word' id='word_1_88' title='bbox 1102 1853 1211 1917; x_wconf 80' lang='lat' dir='ltr'>aliisve</span> <span class='ocrx_word' id='word_1_89' title='bbox 1234 1850 1360 1916; x_wconf 87' lang='lat' dir='ltr'>indiciis</span> <span class='ocrx_word' id='word_1_90' title='bbox 1371 1855 1498 1934; x_wconf 91' lang='lat' dir='ltr'>tempus</span> 
     </span>
     <span class='ocr_line' id='line_1_14' title="bbox 302 1958 1301 2043; baseline 0 -20"><span class='ocrx_word' id='word_1_91' title='bbox 302 1962 408 2043; x_wconf 79' lang='lat' dir='ltr'>potest</span> <span class='ocrx_word' id='word_1_92' title='bbox 432 1958 558 2022; x_wconf 84' lang='lat' dir='ltr'>definiri</span> <span class='ocrx_word' id='word_1_93' title='bbox 581 1962 657 2022; x_wconf 89' lang='lat' dir='ltr'>ante</span> <span class='ocrx_word' id='word_1_94' title='bbox 680 1959 766 2043; x_wconf 95' lang='lat' dir='ltr'>quod</span> <span class='ocrx_word' id='word_1_95' title='bbox 790 1959 983 2043; x_wconf 89' lang='lat' dir='ltr'>compositae</span> <span class='ocrx_word' id='word_1_96' title='bbox 1006 1960 1073 2023; x_wconf 89' lang='lat' dir='ltr'>sint</span> <span class='ocrx_word' id='word_1_97' title='bbox 1095 1980 1221 2024; x_wconf 87' lang='lat' dir='ltr'>neeesse</span> <span class='ocrx_word' id='word_1_98' title='bbox 1244 1962 1301 2024; x_wconf 87' lang='lat' dir='ltr'>est.</span> 
     </span>
    </p>

    <p class='ocr_par' dir='ltr' id='par_1_6' title="bbox 219 2062 1499 2255">
     <span class='ocr_line' id='line_1_15' title="bbox 219 2062 1499 2150; baseline -0.001 -23"><span class='ocrx_word' id='word_1_99' title='bbox 219 2073 269 2121; x_wconf 79' lang='lat'>428</span> <span class='ocrx_word' id='word_1_100' title='bbox 348 2063 545 2148; x_wconf 76' lang='lat' dir='ltr'>Hippolytus</span> <span class='ocrx_word' id='word_1_101' title='bbox 569 2064 692 2129; x_wconf 85' lang='lat' dir='ltr'>velatus</span> <span class='ocrx_word' id='word_1_102' title='bbox 716 2065 886 2130; x_wconf 76' lang='lat' dir='ltr'>antecessit</span> <span class='ocrx_word' id='word_1_103' title='bbox 909 2067 1115 2150; x_wconf 67' lang='lat' dir='ltr'>coronatum</span> <span class='ocrx_word' id='word_1_104' title='bbox 1138 2065 1237 2149; x_wconf 82' lang='lat' dir='ltr'>igitur</span> <span class='ocrx_word' id='word_1_105' title='bbox 1261 2068 1336 2129; x_wconf 91' lang='lat' dir='ltr'>ante</span> <span class='ocrx_word' id='word_1_106' title='bbox 1356 2062 1499 2141; x_wconf 85' lang='grc'><strong>01.87,4</strong></span> 
     </span>
     <span class='ocr_line' id='line_1_16' title="bbox 303 2170 559 2255; baseline 0 -21"><span class='ocrx_word' id='word_1_107' title='bbox 303 2170 440 2254; x_wconf 87' lang='lat' dir='ltr'>scriptus</span> <span class='ocrx_word' id='word_1_108' title='bbox 463 2173 510 2234; x_wconf 88' lang='lat' dir='ltr'>est</span> <span class='ocrx_word' id='word_1_109' title='bbox 536 2170 559 2255; x_wconf 87' lang='lat'>).</span> 
     </span>
    </p>

    <p class='ocr_par' dir='ltr' id='par_1_7' title="bbox 304 2269 1499 2466">
     <span class='ocr_line' id='line_1_17' title="bbox 348 2269 1498 2361; baseline 0 -22"><span class='ocrx_word' id='word_1_110' title='bbox 348 2275 580 2360; x_wconf 86' lang='lat' dir='ltr'>Bellerophon,</span> <span class='ocrx_word' id='word_1_111' title='bbox 609 2276 772 2361; x_wconf 84' lang='lat' dir='ltr'>Phoenix,</span> <span class='ocrx_word' id='word_1_112' title='bbox 798 2276 934 2360; x_wconf 87' lang='lat' dir='ltr'>Oeneus,</span> <span class='ocrx_word' id='word_1_113' title='bbox 958 2279 1019 2343; x_wconf 91' lang='lat' dir='ltr'>Ino</span> <span class='ocrx_word' id='word_1_114' title='bbox 1044 2278 1190 2342; x_wconf 87' lang='lat' dir='ltr'>ridentur</span> <span class='ocrx_word' id='word_1_115' title='bbox 1213 2284 1295 2356; x_wconf 88' lang='lat' dir='ltr'>(oum</span> <span class='ocrx_word' id='word_1_116' title='bbox 1309 2269 1498 2340; x_wconf 65' lang='lat' dir='ltr'>&#39;Philoctete</span> 
     </span>
     <span class='ocr_line' id='line_1_18' title="bbox 304 2381 1499 2466; baseline -0.001 -20"><span class='ocrx_word' id='word_1_117' title='bbox 304 2385 336 2446; x_wconf 92' lang='lat' dir='ltr'>et</span> <span class='ocrx_word' id='word_1_118' title='bbox 362 2381 515 2466; x_wconf 81' lang='lat' dir='ltr'>Telepho)</span> <span class='ocrx_word' id='word_1_119' title='bbox 535 2382 571 2446; x_wconf 92' lang='lat' dir='ltr'>in</span> <span class='ocrx_word' id='word_1_120' title='bbox 592 2382 795 2447; x_wconf 87' lang='lat' dir='ltr'>festivissima</span> <span class='ocrx_word' id='word_1_121' title='bbox 818 2384 874 2448; x_wconf 90' lang='lat' dir='ltr'>illa</span> <span class='ocrx_word' id='word_1_122' title='bbox 900 2384 1157 2450; x_wconf 88' lang='lat' dir='ltr'>Acharnensium</span> <span class='ocrx_word' id='word_1_123' title='bbox 1181 2405 1274 2447; x_wconf 89' lang='lat' dir='ltr'>scena</span> <span class='ocrx_word' id='word_1_124' title='bbox 1297 2382 1352 2447; x_wconf 93' lang='lat' dir='ltr'>ubi</span> <span class='ocrx_word' id='word_1_125' title='bbox 1365 2381 1499 2446; x_wconf 88' lang='lat' dir='ltr'>Dicaeo-</span> 
     </span>
    </p>

    <p class='ocr_par' dir='ltr' id='par_1_8' title="bbox 221 2487 1497 2577">
     <span class='ocr_line' id='line_1_19' title="bbox 221 2487 1497 2577; baseline 0.002 -29"><span class='ocrx_word' id='word_1_126' title='bbox 221 2501 271 2550; x_wconf 79' lang='lat'>425</span> <span class='ocrx_word' id='word_1_127' title='bbox 305 2487 387 2574; x_wconf 91' lang='lat' dir='ltr'>polis</span> <span class='ocrx_word' id='word_1_128' title='bbox 400 2488 592 2573; x_wconf 89' lang='lat' dir='ltr'>colloquitur</span> <span class='ocrx_word' id='word_1_129' title='bbox 605 2511 676 2552; x_wconf 89' lang='lat' dir='ltr'>cum</span> <span class='ocrx_word' id='word_1_130' title='bbox 689 2489 840 2575; x_wconf 83' lang='lat' dir='ltr'>Euripide</span> <span class='ocrx_word' id='word_1_131' title='bbox 853 2492 891 2577; x_wconf 71' lang='grc'>8).</span> <span class='ocrx_word' id='word_1_132' title='bbox 920 2490 1045 2575; x_wconf 84' lang='lat' dir='ltr'>Scripta</span> <span class='ocrx_word' id='word_1_133' title='bbox 1056 2491 1156 2575; x_wconf 83' lang='lat' dir='ltr'>igitur</span> <span class='ocrx_word' id='word_1_134' title='bbox 1168 2491 1245 2553; x_wconf 92' lang='lat' dir='ltr'>sunt</span> <span class='ocrx_word' id='word_1_135' title='bbox 1256 2493 1331 2554; x_wconf 89' lang='lat' dir='ltr'>ante</span> <span class='ocrx_word' id='word_1_136' title='bbox 1344 2487 1393 2552; x_wconf 91' lang='lat' dir='ltr'>Ol.</span> <span class='ocrx_word' id='word_1_137' title='bbox 1409 2489 1497 2570; x_wconf 87' lang='lat'>88,3.</span> 
     </span>
    </p>
   </div>
   <div class='ocr_carea' id='block_1_4' title="bbox 304 2667 1507 4635">
    <p class='ocr_par' dir='ltr' id='par_1_9' title="bbox 304 2667 1501 2994">
     <span class='ocr_line' id='line_1_20' title="bbox 338 2667 1500 2746; baseline -0.001 -16"><span class='ocrx_word' id='word_1_138' title='bbox 338 2684 365 2746; x_wconf 90' lang='lat'>1)</span> <span class='ocrx_word' id='word_1_139' title='bbox 383 2683 496 2732; x_wconf 81' lang='lat' dir='ltr'>Aelianus</span> <span class='ocrx_word' id='word_1_140' title='bbox 514 2684 543 2732; x_wconf 90' lang='lat' dir='ltr'>V.</span> <span class='ocrx_word' id='word_1_141' title='bbox 564 2683 595 2732; x_wconf 87' lang='lat' dir='ltr'>H.</span> <span class='ocrx_word' id='word_1_142' title='bbox 617 2667 653 2732; x_wconf 82' lang='lat'>11.</span> <span class='ocrx_word' id='word_1_143' title='bbox 673 2685 701 2732; x_wconf 85' lang='lat'>8:</span> <span class='ocrx_word' id='word_1_144' title='bbox 725 2684 793 2732; x_wconf 77' lang='grc' dir='ltr'><strong><em>κατα</em></strong></span> <span class='ocrx_word' id='word_1_145' title='bbox 811 2683 856 2740; x_wconf 79' lang='grc' dir='ltr'>την</span> <span class='ocrx_word' id='word_1_146' title='bbox 874 2681 971 2744; x_wconf 78' lang='grc' dir='ltr'><strong><em>πρώτην</em></strong></span> <span class='ocrx_word' id='word_1_147' title='bbox 990 2682 1033 2731; x_wconf 75' lang='grc' dir='ltr'><strong><em>καί</em></strong></span> <span class='ocrx_word' id='word_1_148' title='bbox 1050 2679 1207 2739; x_wconf 77' lang='grc' dir='ltr'><strong><em>ἐνενηκίστην</em></strong></span> <span class='ocrx_word' id='word_1_149' title='bbox 1224 2683 1278 2730; x_wconf 86' lang='grc' dir='ltr'>Ὀλ.</span> <span class='ocrx_word' id='word_1_150' title='bbox 1296 2681 1500 2746; x_wconf 69' lang='grc' dir='ltr'><strong><em>ἀντηγωνίσαντο</em></strong></span> 
     </span>
     <span class='ocr_line' id='line_1_21' title="bbox 304 2757 1499 2829; baseline -0.002 -16"><span class='ocrx_word' id='word_1_151' title='bbox 304 2762 427 2822; x_wconf 73' lang='grc' dir='ltr'><strong><em>άλληλοις</em></strong></span> <span class='ocrx_word' id='word_1_152' title='bbox 452 2767 568 2822; x_wconf 68' lang='grc' dir='ltr'><strong><em>Ξενοκλῆς</em></strong></span> <span class='ocrx_word' id='word_1_153' title='bbox 592 2764 635 2813; x_wconf 77' lang='grc' dir='ltr'><strong><em>καί</em></strong></span> <span class='ocrx_word' id='word_1_154' title='bbox 661 2763 799 2826; x_wconf 75' lang='grc' dir='ltr'><strong><em>Εὐριπίδης,</em></strong></span> <span class='ocrx_word' id='word_1_155' title='bbox 825 2764 866 2814; x_wconf 82' lang='grc' dir='ltr'><strong><em>καί</em></strong></span> <span class='ocrx_word' id='word_1_156' title='bbox 894 2767 990 2826; x_wconf 76' lang='grc' dir='ltr'><strong><em>τράτίς</em></strong></span> <span class='ocrx_word' id='word_1_157' title='bbox 1013 2782 1044 2829; x_wconf 79' lang='grc' dir='ltr'>γε</span> <span class='ocrx_word' id='word_1_158' title='bbox 1070 2762 1097 2822; x_wconf 66' lang='grc' dir='ltr'>ἦν</span> <span class='ocrx_word' id='word_1_159' title='bbox 1115 2769 1137 2815; x_wconf 85' lang='grc' dir='ltr'>Ξ.</span> <span class='ocrx_word' id='word_1_160' title='bbox 1156 2763 1227 2822; x_wconf 70' lang='grc' dir='ltr'><strong><em>ὅστις</em></strong></span> <span class='ocrx_word' id='word_1_161' title='bbox 1243 2765 1306 2813; x_wconf 80' lang='grc' dir='ltr'><strong><em>τοτὲ</em></strong></span> <span class='ocrx_word' id='word_1_162' title='bbox 1323 2757 1397 2822; x_wconf 75' lang='grc' dir='ltr'><strong><em>οὗτός</em></strong></span> <span class='ocrx_word' id='word_1_163' title='bbox 1415 2761 1499 2820; x_wconf 80' lang='grc' dir='ltr'><strong><em>ἐστιν,</em></strong></span> 
     </span>
     <span class='ocr_line' id='line_1_22' title="bbox 305 2843 1501 2910; baseline -0.001 -16"><span class='ocrx_word' id='word_1_164' title='bbox 305 2843 419 2894; x_wconf 82' lang='grc' dir='ltr'><strong><em>Οίδίτοδι</em></strong></span> <span class='ocrx_word' id='word_1_165' title='bbox 445 2845 488 2894; x_wconf 78' lang='grc' dir='ltr'><strong><em>καί</em></strong></span> <span class='ocrx_word' id='word_1_166' title='bbox 513 2844 622 2895; x_wconf 92' lang='grc' dir='ltr'><strong><em>Λυκάονι</em></strong></span> <span class='ocrx_word' id='word_1_167' title='bbox 645 2845 688 2895; x_wconf 76' lang='grc' dir='ltr'><strong><em>καί</em></strong></span> <span class='ocrx_word' id='word_1_168' title='bbox 712 2844 825 2910; x_wconf 85' lang='grc' dir='ltr'><strong><em>Βάκχαις</em></strong></span> <span class='ocrx_word' id='word_1_169' title='bbox 849 2845 893 2895; x_wconf 73' lang='grc' dir='ltr'><strong><em>καὶ</em></strong></span> <span class='ocrx_word' id='word_1_170' title='bbox 920 2844 1059 2908; x_wconf 86' lang='grc' dir='ltr'><strong><em>Ἀίάμαντι</em></strong></span> <span class='ocrx_word' id='word_1_171' title='bbox 1078 2845 1325 2908; x_wconf 81' lang='grc' dir='ltr'><strong><em>σατυρικῷ.Τοιίτου</em></strong></span> <span class='ocrx_word' id='word_1_172' title='bbox 1344 2843 1456 2908; x_wconf 78' lang='grc' dir='ltr'><strong><em>δεύτερος</em></strong></span> <span class='ocrx_word' id='word_1_173' title='bbox 1474 2843 1501 2903; x_wconf 70' lang='grc' dir='ltr'>ἦν</span> 
     </span>
     <span class='ocr_line' id='line_1_23' title="bbox 306 2925 1483 2994; baseline 0.002 -20"><span class='ocrx_word' id='word_1_174' title='bbox 306 2925 436 2988; x_wconf 76' lang='grc' dir='ltr'><strong><em>Εὐριπίδης</em></strong></span> <span class='ocrx_word' id='word_1_175' title='bbox 459 2929 515 2976; x_wconf 87' lang='grc' dir='ltr'>Ἀλ.</span> <span class='ocrx_word' id='word_1_176' title='bbox 539 2946 560 2976; x_wconf 89' lang='grc' dir='ltr'><strong><em>κ.</em></strong></span> <span class='ocrx_word' id='word_1_177' title='bbox 579 2936 646 2978; x_wconf 85' lang='grc' dir='ltr'><strong><em>Παλ.</em></strong></span> <span class='ocrx_word' id='word_1_178' title='bbox 666 2946 687 2977; x_wconf 90' lang='grc' dir='ltr'><strong><em>κ.</em></strong></span> <span class='ocrx_word' id='word_1_179' title='bbox 705 2936 765 2989; x_wconf 89' lang='grc' dir='ltr'><strong><em>Τρω.</em></strong></span> <span class='ocrx_word' id='word_1_180' title='bbox 786 2947 807 2977; x_wconf 93' lang='grc' dir='ltr'><strong><em>κ.</em></strong></span> <span class='ocrx_word' id='word_1_181' title='bbox 825 2936 876 2977; x_wconf 89' lang='grc' dir='ltr'><strong><em>Σισ,</em></strong></span> <span class='ocrx_word' id='word_1_182' title='bbox 895 2945 954 2976; x_wconf 90' lang='grc' dir='ltr'><strong><em>σατ.</em></strong></span> <span class='ocrx_word' id='word_1_183' title='bbox 972 2929 1001 2978; x_wconf 87' lang='lat' dir='ltr'>cl.</span> <span class='ocrx_word' id='word_1_184' title='bbox 1020 2945 1114 2993; x_wconf 90' lang='lat' dir='ltr'>quoquc</span> <span class='ocrx_word' id='word_1_185' title='bbox 1131 2929 1209 2978; x_wconf 92' lang='lat' dir='ltr'>Schol.</span> <span class='ocrx_word' id='word_1_186' title='bbox 1227 2929 1301 2978; x_wconf 80' lang='lat' dir='ltr'>Arist.</span> <span class='ocrx_word' id='word_1_187' title='bbox 1323 2930 1390 2994; x_wconf 82' lang='lat' dir='ltr'>Vesp.</span> <span class='ocrx_word' id='word_1_188' title='bbox 1410 2929 1483 2976; x_wconf 82' lang='grc'><strong>1326.</strong></span> 
     </span>
    </p>

    <p class='ocr_par' dir='ltr' id='par_1_10' title="bbox 308 3007 1501 3156">
     <span class='ocr_line' id='line_1_24' title="bbox 339 3007 1501 3076; baseline 0.003 -19"><span class='ocrx_word' id='word_1_189' title='bbox 339 3009 364 3068; x_wconf 83' lang='lat'>2)</span> <span class='ocrx_word' id='word_1_190' title='bbox 381 3010 459 3059; x_wconf 88' lang='lat' dir='ltr'>Schol.</span> <span class='ocrx_word' id='word_1_191' title='bbox 478 3011 598 3076; x_wconf 85' lang='lat' dir='ltr'>Aristoph.</span> <span class='ocrx_word' id='word_1_192' title='bbox 620 3011 715 3060; x_wconf 77' lang='lat' dir='ltr'>Thesm.</span> <span class='ocrx_word' id='word_1_193' title='bbox 735 3012 811 3060; x_wconf 76' lang='lat'>1012:</span> <span class='ocrx_word' id='word_1_194' title='bbox 833 3007 997 3072; x_wconf 86' lang='grc' dir='ltr'><strong><em>Ἀνδρομέδαν</em></strong></span> <span class='ocrx_word' id='word_1_195' title='bbox 1000 3047 1069 3059; x_wconf 89' lang='grc'>.....</span> <span class='ocrx_word' id='word_1_196' title='bbox 1088 3008 1278 3059; x_wconf 78' lang='grc' dir='ltr'><strong><em>συνδεδιδακται</em></strong></span> <span class='ocrx_word' id='word_1_197' title='bbox 1296 3013 1345 3074; x_wconf 76' lang='grc' dir='ltr'>γαρ</span> <span class='ocrx_word' id='word_1_198' title='bbox 1364 3009 1501 3076; x_wconf 68' lang='grc' dir='ltr'><strong><em>τῇἛλένη.</em></strong></span> 
     </span>
     <span class='ocr_line' id='line_1_25' title="bbox 308 3089 1425 3156; baseline 0.004 -16"><span class='ocrx_word' id='word_1_199' title='bbox 308 3093 385 3141; x_wconf 81' lang='grc' dir='ltr'><strong>166οῑ</strong></span> <span class='ocrx_word' id='word_1_200' title='bbox 405 3089 459 3141; x_wconf 72' lang='grc' dir='ltr'>ἐπεὶ</span> <span class='ocrx_word' id='word_1_201' title='bbox 476 3090 578 3154; x_wconf 79' lang='grc' dir='ltr'><strong><em>τέρασιν</em></strong></span> <span class='ocrx_word' id='word_1_202' title='bbox 597 3089 717 3156; x_wconf 82' lang='grc' dir='ltr'><strong><em>έδιδάχίη</em></strong></span> <span class='ocrx_word' id='word_1_203' title='bbox 735 3091 749 3148; x_wconf 77' lang='grc' dir='ltr'><strong><em>η</em></strong></span> <span class='ocrx_word' id='word_1_204' title='bbox 766 3091 925 3155; x_wconf 82' lang='grc' dir='ltr'><strong><em>Ἀνδρομέδα,</em></strong></span> <span class='ocrx_word' id='word_1_205' title='bbox 939 3094 968 3142; x_wconf 86' lang='lat' dir='ltr'>cl.</span> <span class='ocrx_word' id='word_1_206' title='bbox 985 3095 1063 3144; x_wconf 90' lang='lat' dir='ltr'>Schol.</span> <span class='ocrx_word' id='word_1_207' title='bbox 1079 3096 1108 3143; x_wconf 85' lang='lat' dir='ltr'>ad</span> <span class='ocrx_word' id='word_1_208' title='bbox 1125 3095 1185 3143; x_wconf 86' lang='lat' dir='ltr'>Ran.</span> <span class='ocrx_word' id='word_1_209' title='bbox 1206 3097 1244 3152; x_wconf 81' lang='grc'>63,</span> <span class='ocrx_word' id='word_1_210' title='bbox 1260 3096 1290 3143; x_wconf 85' lang='lat' dir='ltr'>ad</span> <span class='ocrx_word' id='word_1_211' title='bbox 1307 3097 1350 3145; x_wconf 82' lang='lat' dir='ltr'>Ar.</span> <span class='ocrx_word' id='word_1_212' title='bbox 1369 3097 1425 3144; x_wconf 76' lang='lat'>348.</span> 
     </span>
    </p>

    <p class='ocr_par' dir='ltr' id='par_1_11' title="bbox 340 3169 1355 3240">
     <span class='ocr_line' id='line_1_26' title="bbox 340 3169 1355 3240; baseline 0 -16"><span class='ocrx_word' id='word_1_213' title='bbox 340 3177 367 3238; x_wconf 80' lang='lat'>3)</span> <span class='ocrx_word' id='word_1_214' title='bbox 385 3176 463 3224; x_wconf 88' lang='lat' dir='ltr'>Schcl.</span> <span class='ocrx_word' id='word_1_215' title='bbox 482 3178 511 3225; x_wconf 90' lang='lat' dir='ltr'>ad</span> <span class='ocrx_word' id='word_1_216' title='bbox 529 3192 562 3225; x_wconf 88' lang='lat' dir='ltr'>vs.</span> <span class='ocrx_word' id='word_1_217' title='bbox 583 3175 647 3227; x_wconf 80' lang='lat'><strong>371:</strong></span> <span class='ocrx_word' id='word_1_218' title='bbox 666 3176 710 3237; x_wconf 84' lang='grc' dir='ltr'>τρδ</span> <span class='ocrx_word' id='word_1_219' title='bbox 728 3177 778 3238; x_wconf 77' lang='grc' dir='ltr'>γάρ</span> <span class='ocrx_word' id='word_1_220' title='bbox 796 3175 930 3234; x_wconf 86' lang='grc' dir='ltr'><strong><em>Διοκλέους</em></strong></span> <span class='ocrx_word' id='word_1_221' title='bbox 948 3172 988 3238; x_wconf 76' lang='grc' dir='ltr'>ἐφ’</span> <span class='ocrx_word' id='word_1_222' title='bbox 1007 3169 1034 3225; x_wconf 77' lang='grc' dir='ltr'>οὗ</span> <span class='ocrx_word' id='word_1_223' title='bbox 1052 3177 1095 3225; x_wconf 80' lang='grc' dir='ltr'>τδν</span> <span class='ocrx_word' id='word_1_224' title='bbox 1113 3174 1232 3238; x_wconf 85' lang='grc' dir='ltr'><strong><em>Ὀρέστην</em></strong></span> <span class='ocrx_word' id='word_1_225' title='bbox 1250 3173 1355 3240; x_wconf 74' lang='grc' dir='ltr'><strong><em>ἐδίδαξε.</em></strong></span> 
     </span>
    </p>

    <p class='ocr_par' dir='ltr' id='par_1_12' title="bbox 306 3254 1506 3567">
     <span class='ocr_line' id='line_1_27' title="bbox 339 3254 1506 3321; baseline 0 -17"><span class='ocrx_word' id='word_1_226' title='bbox 339 3257 368 3321; x_wconf 80' lang='lat'>4)</span> <span class='ocrx_word' id='word_1_227' title='bbox 385 3257 464 3306; x_wconf 89' lang='lat' dir='ltr'>Schol.</span> <span class='ocrx_word' id='word_1_228' title='bbox 490 3259 526 3306; x_wconf 89' lang='lat' dir='ltr'>ad.</span> <span class='ocrx_word' id='word_1_229' title='bbox 553 3259 615 3306; x_wconf 86' lang='lat' dir='ltr'>Rau.</span> <span class='ocrx_word' id='word_1_230' title='bbox 641 3258 686 3308; x_wconf 75' lang='lat'>53:</span> <span class='ocrx_word' id='word_1_231' title='bbox 706 3254 747 3305; x_wconf 86' lang='grc' dir='ltr'><strong><em>διδι</em></strong></span> <span class='ocrx_word' id='word_1_232' title='bbox 770 3257 801 3305; x_wconf 92' lang='grc' dir='ltr'>τί</span> <span class='ocrx_word' id='word_1_233' title='bbox 816 3254 843 3305; x_wconf 78' lang='grc' dir='ltr'>δὲ</span> <span class='ocrx_word' id='word_1_234' title='bbox 861 3256 895 3318; x_wconf 72' lang='grc' dir='ltr'>μὴ</span> <span class='ocrx_word' id='word_1_235' title='bbox 913 3254 978 3305; x_wconf 78' lang='grc' dir='ltr'><strong><em>άλλο</em></strong></span> <span class='ocrx_word' id='word_1_236' title='bbox 996 3275 1022 3305; x_wconf 91' lang='grc' dir='ltr'>τι</span> <span class='ocrx_word' id='word_1_237' title='bbox 1041 3261 1090 3306; x_wconf 75' lang='grc' dir='ltr'>τῶν</span> <span class='ocrx_word' id='word_1_238' title='bbox 1108 3258 1152 3319; x_wconf 85' lang='grc' dir='ltr'>τρδ</span> <span class='ocrx_word' id='word_1_239' title='bbox 1171 3257 1259 3320; x_wconf 80' lang='grc' dir='ltr'><strong><em>ὀλίγον</em></strong></span> <span class='ocrx_word' id='word_1_240' title='bbox 1277 3255 1443 3320; x_wconf 80' lang='grc' dir='ltr'><strong><em>διδαχθέντων</em></strong></span> <span class='ocrx_word' id='word_1_241' title='bbox 1462 3256 1506 3304; x_wconf 74' lang='grc' dir='ltr'><strong><em>καὶ</em></strong></span> 
     </span>
     <span class='ocr_line' id='line_1_28' title="bbox 306 3336 1506 3397; baseline 0 -11"><span class='ocrx_word' id='word_1_242' title='bbox 306 3341 402 3394; x_wconf 77' lang='grc' dir='ltr'><strong><em>καλῶν,</em></strong></span> <span class='ocrx_word' id='word_1_243' title='bbox 429 3336 586 3397; x_wconf 70' lang='grc' dir='ltr'><strong><em>Ὑψιπύλης,</em></strong></span> <span class='ocrx_word' id='word_1_244' title='bbox 612 3342 828 3394; x_wconf 77' lang='grc' dir='ltr'><strong><em>Φοινισσῶν,</em></strong></span> <span class='ocrx_word' id='word_1_245' title='bbox 856 3339 1002 3397; x_wconf 80' lang='grc' dir='ltr'><strong><em>Ἀντιίτης;</em></strong></span> <span class='ocrx_word' id='word_1_246' title='bbox 1019 3341 1099 3388; x_wconf 85' lang='lat' dir='ltr'>Ranae</span> <span class='ocrx_word' id='word_1_247' title='bbox 1116 3344 1196 3389; x_wconf 83' lang='lat' dir='ltr'>aulem</span> <span class='ocrx_word' id='word_1_248' title='bbox 1213 3341 1295 3388; x_wconf 84' lang='lat' dir='ltr'>doctae</span> <span class='ocrx_word' id='word_1_249' title='bbox 1312 3342 1369 3388; x_wconf 84' lang='lat' dir='ltr'>sunt</span> <span class='ocrx_word' id='word_1_250' title='bbox 1388 3338 1427 3389; x_wconf 94' lang='grc'>01.</span> <span class='ocrx_word' id='word_1_251' title='bbox 1448 3340 1506 3397; x_wconf 80' lang='grc'><strong>93,3</strong></span> 
     </span>
     <span class='ocr_line' id='line_1_29' title="bbox 306 3420 1505 3486; baseline 0 -18"><span class='ocrx_word' id='word_1_252' title='bbox 306 3420 390 3484; x_wconf 80' lang='lat'>(405);</span> <span class='ocrx_word' id='word_1_253' title='bbox 420 3424 443 3469; x_wconf 86' lang='lat' dir='ltr'>et</span> <span class='ocrx_word' id='word_1_254' title='bbox 473 3437 485 3468; x_wconf 93' lang='lat' dir='ltr'>e</span> <span class='ocrx_word' id='word_1_255' title='bbox 509 3421 694 3470; x_wconf 84' lang='lat' dir='ltr'>Phoenisserum</span> <span class='ocrx_word' id='word_1_256' title='bbox 719 3424 860 3484; x_wconf 82' lang='lat' dir='ltr'>argumento</span> <span class='ocrx_word' id='word_1_257' title='bbox 889 3425 955 3486; x_wconf 83' lang='lat' dir='ltr'>patet</span> <span class='ocrx_word' id='word_1_258' title='bbox 985 3423 1134 3470; x_wconf 87' lang='lat' dir='ltr'>Oenomaum</span> <span class='ocrx_word' id='word_1_259' title='bbox 1157 3425 1181 3470; x_wconf 83' lang='lat' dir='ltr'>et</span> <span class='ocrx_word' id='word_1_260' title='bbox 1207 3421 1372 3486; x_wconf 78' lang='lat' dir='ltr'>Chrysippum</span> <span class='ocrx_word' id='word_1_261' title='bbox 1399 3420 1505 3470; x_wconf 87' lang='lat' dir='ltr'>eiusdem</span> 
     </span>
     <span class='ocr_line' id='line_1_30' title="bbox 307 3502 515 3567; baseline 0.01 -17"><span class='ocrx_word' id='word_1_262' title='bbox 307 3502 378 3551; x_wconf 86' lang='lat' dir='ltr'>luisse</span> <span class='ocrx_word' id='word_1_263' title='bbox 396 3503 515 3567; x_wconf 77' lang='lat' dir='ltr'>trilogiee.</span> 
     </span>
    </p>

    <p class='ocr_par' dir='ltr' id='par_1_13' title="bbox 310 3581 1507 3816">
     <span class='ocr_line' id='line_1_31' title="bbox 343 3581 1507 3648; baseline -0.002 -14"><span class='ocrx_word' id='word_1_264' title='bbox 343 3587 370 3646; x_wconf 84' lang='grc'>6)</span> <span class='ocrx_word' id='word_1_265' title='bbox 388 3585 466 3634; x_wconf 90' lang='lat' dir='ltr'>Schol.</span> <span class='ocrx_word' id='word_1_266' title='bbox 494 3587 531 3635; x_wconf 89' lang='lat' dir='ltr'>ad.</span> <span class='ocrx_word' id='word_1_267' title='bbox 558 3587 619 3636; x_wconf 84' lang='lat' dir='ltr'>Ran.</span> <span class='ocrx_word' id='word_1_268' title='bbox 644 3587 689 3639; x_wconf 72' lang='lat'>672</span> <span class='ocrx_word' id='word_1_269' title='bbox 713 3585 778 3635; x_wconf 75' lang='grc' dir='ltr'><strong><em>οίτω</em></strong></span> <span class='ocrx_word' id='word_1_270' title='bbox 801 3586 850 3648; x_wconf 72' lang='grc' dir='ltr'>γάρ</span> <span class='ocrx_word' id='word_1_271' title='bbox 875 3583 917 3633; x_wconf 75' lang='grc' dir='ltr'><strong><em>καὶ</em></strong></span> <span class='ocrx_word' id='word_1_272' title='bbox 938 3586 969 3633; x_wconf 85' lang='grc' dir='ltr'>αί</span> <span class='ocrx_word' id='word_1_273' title='bbox 988 3582 1149 3634; x_wconf 79' lang='grc' dir='ltr'><strong><em>διδασκαλίαι</em></strong></span> <span class='ocrx_word' id='word_1_274' title='bbox 1172 3583 1287 3647; x_wconf 79' lang='grc' dir='ltr'><strong><em>φέρουσι,</em></strong></span> <span class='ocrx_word' id='word_1_275' title='bbox 1304 3581 1507 3641; x_wconf 78' lang='grc' dir='ltr'><strong><em>τελευτησαντος</em></strong></span> 
     </span>
     <span class='ocr_line' id='line_1_32' title="bbox 310 3663 1507 3730; baseline -0.001 -16"><span class='ocrx_word' id='word_1_276' title='bbox 310 3664 440 3728; x_wconf 75' lang='grc' dir='ltr'><strong><em>Εὐριπίδου</em></strong></span> <span class='ocrx_word' id='word_1_277' title='bbox 457 3668 501 3716; x_wconf 88' lang='grc' dir='ltr'>τδν</span> <span class='ocrx_word' id='word_1_278' title='bbox 518 3668 569 3716; x_wconf 85' lang='grc' dir='ltr'><strong><em>υίδν</em></strong></span> <span class='ocrx_word' id='word_1_279' title='bbox 586 3665 666 3717; x_wconf 72' lang='grc' dir='ltr'><strong><em>αὐτοῦ</em></strong></span> <span class='ocrx_word' id='word_1_280' title='bbox 684 3665 843 3730; x_wconf 83' lang='grc' dir='ltr'><strong><em>δεδιδαχίναι</em></strong></span> <span class='ocrx_word' id='word_1_281' title='bbox 862 3664 990 3728; x_wconf 79' lang='grc' dir='ltr'><strong><em>ὁμώνυμον</em></strong></span> <span class='ocrx_word' id='word_1_282' title='bbox 1009 3663 1034 3715; x_wconf 78' lang='grc' dir='ltr'>έν</span> <span class='ocrx_word' id='word_1_283' title='bbox 1050 3664 1124 3715; x_wconf 77' lang='grc' dir='ltr'><strong><em>άστει</em></strong></span> <span class='ocrx_word' id='word_1_284' title='bbox 1140 3665 1286 3730; x_wconf 79' lang='grc' dir='ltr'><strong><em>Ἰφιγένειαν</em></strong></span> <span class='ocrx_word' id='word_1_285' title='bbox 1301 3666 1345 3723; x_wconf 82' lang='grc' dir='ltr'>την</span> <span class='ocrx_word' id='word_1_286' title='bbox 1355 3663 1380 3715; x_wconf 79' lang='grc' dir='ltr'>ἐν</span> <span class='ocrx_word' id='word_1_287' title='bbox 1392 3663 1507 3722; x_wconf 78' lang='grc' dir='ltr'><strong><em>Ἀὐλιδι,</em></strong></span> 
     </span>
     <span class='ocr_line' id='line_1_33' title="bbox 311 3746 1036 3816; baseline 0 -20"><span class='ocrx_word' id='word_1_288' title='bbox 311 3746 472 3810; x_wconf 86' lang='grc' dir='ltr'><strong><em>Ἀλκμέωνα,</em></strong></span> <span class='ocrx_word' id='word_1_289' title='bbox 488 3747 599 3812; x_wconf 80' lang='grc' dir='ltr'><strong><em>Βάκχας.</em></strong></span> <span class='ocrx_word' id='word_1_290' title='bbox 618 3750 647 3801; x_wconf 86' lang='lat' dir='ltr'>cl.</span> <span class='ocrx_word' id='word_1_291' title='bbox 666 3749 720 3808; x_wconf 87' lang='grc' dir='ltr'><strong><em>Βίος</em></strong></span> <span class='ocrx_word' id='word_1_292' title='bbox 738 3757 748 3798; x_wconf 94' lang='lat'>1</span> <span class='ocrx_word' id='word_1_293' title='bbox 766 3751 836 3816; x_wconf 82' lang='lat' dir='ltr'>apud.</span> <span class='ocrx_word' id='word_1_294' title='bbox 855 3749 925 3798; x_wconf 90' lang='lat' dir='ltr'>Dind.</span> <span class='ocrx_word' id='word_1_295' title='bbox 944 3765 976 3798; x_wconf 80' lang='lat' dir='ltr'>rs.</span> <span class='ocrx_word' id='word_1_296' title='bbox 996 3751 1036 3798; x_wconf 79' lang='lat'>33.</span> 
     </span>
    </p>

    <p class='ocr_par' dir='ltr' id='par_1_14' title="bbox 310 3828 1506 3978">
     <span class='ocr_line' id='line_1_34' title="bbox 344 3828 1506 3896; baseline -0.001 -18"><span class='ocrx_word' id='word_1_297' title='bbox 344 3830 371 3891; x_wconf 84' lang='grc'>6)</span> <span class='ocrx_word' id='word_1_298' title='bbox 390 3832 444 3888; x_wconf 86' lang='grc' dir='ltr'><strong><em>Βίος</em></strong></span> <span class='ocrx_word' id='word_1_299' title='bbox 459 3837 470 3879; x_wconf 88' lang='grc'><strong>1</strong></span> <span class='ocrx_word' id='word_1_300' title='bbox 487 3847 520 3880; x_wconf 85' lang='lat' dir='ltr'>vs.</span> <span class='ocrx_word' id='word_1_301' title='bbox 539 3833 572 3880; x_wconf 76' lang='lat'>24</span> <span class='ocrx_word' id='word_1_302' title='bbox 591 3847 639 3896; x_wconf 90' lang='lat' dir='ltr'>sqq.</span> <span class='ocrx_word' id='word_1_303' title='bbox 668 3828 756 3880; x_wconf 79' lang='grc' dir='ltr'><strong><em>έκεῖίεν</em></strong></span> <span class='ocrx_word' id='word_1_304' title='bbox 775 3829 802 3880; x_wconf 75' lang='grc' dir='ltr'>δὲ</span> <span class='ocrx_word' id='word_1_305' title='bbox 820 3830 855 3888; x_wconf 80' lang='grc' dir='ltr'>είς</span> <span class='ocrx_word' id='word_1_306' title='bbox 872 3828 1023 3880; x_wconf 78' lang='grc' dir='ltr'><strong><em>Μακεδονίαν</em></strong></span> <span class='ocrx_word' id='word_1_307' title='bbox 1042 3830 1096 3891; x_wconf 74' lang='grc' dir='ltr'>περὶ</span> <span class='ocrx_word' id='word_1_308' title='bbox 1114 3828 1255 3893; x_wconf 84' lang='grc' dir='ltr'><strong><em>Ἀρχέλαον</em></strong></span> <span class='ocrx_word' id='word_1_309' title='bbox 1272 3833 1402 3893; x_wconf 79' lang='grc' dir='ltr'><strong><em>γενόμενος</em></strong></span> <span class='ocrx_word' id='word_1_310' title='bbox 1419 3828 1506 3892; x_wconf 82' lang='grc' dir='ltr'><strong><em>διέτρι·</em></strong></span> 
     </span>
     <span class='ocr_line' id='line_1_35' title="bbox 310 3910 1063 3978; baseline 0 -17"><span class='ocrx_word' id='word_1_311' title='bbox 310 3912 343 3972; x_wconf 70' lang='grc' dir='ltr'>ψε</span> <span class='ocrx_word' id='word_1_312' title='bbox 361 3913 403 3960; x_wconf 83' lang='grc' dir='ltr'><strong><em>καί</em></strong></span> <span class='ocrx_word' id='word_1_313' title='bbox 421 3912 589 3978; x_wconf 81' lang='grc' dir='ltr'><strong><em>χαριζόμενος</em></strong></span> <span class='ocrx_word' id='word_1_314' title='bbox 607 3910 677 3976; x_wconf 72' lang='grc' dir='ltr'><strong><em>αὐτῷ</em></strong></span> <span class='ocrx_word' id='word_1_315' title='bbox 696 3911 779 3975; x_wconf 75' lang='grc' dir='ltr'><strong><em>δράμα</em></strong></span> <span class='ocrx_word' id='word_1_316' title='bbox 797 3911 931 3975; x_wconf 79' lang='grc' dir='ltr'><strong><em>ὁμωνύμως</em></strong></span> <span class='ocrx_word' id='word_1_317' title='bbox 948 3911 1063 3977; x_wconf 66' lang='lat' dir='ltr'>hypates.</span> 
     </span>
    </p>

    <p class='ocr_par' dir='ltr' id='par_1_15' title="bbox 310 3988 1507 4225">
     <span class='ocr_line' id='line_1_36' title="bbox 344 3988 1507 4060; baseline -0.002 -15"><span class='ocrx_word' id='word_1_318' title='bbox 344 3994 369 4054; x_wconf 81' lang='grc'>’1)</span> <span class='ocrx_word' id='word_1_319' title='bbox 387 3997 487 4059; x_wconf 78' lang='lat' dir='ltr'>Argum.</span> <span class='ocrx_word' id='word_1_320' title='bbox 507 3995 580 4060; x_wconf 85' lang='lat' dir='ltr'>Hipp.</span> <span class='ocrx_word' id='word_1_321' title='bbox 601 4012 660 4044; x_wconf 72' lang='lat' dir='ltr'>con:</span> <span class='ocrx_word' id='word_1_322' title='bbox 680 3993 739 4043; x_wconf 83' lang='grc' dir='ltr'><strong><em>’ίστι</em></strong></span> <span class='ocrx_word' id='word_1_323' title='bbox 758 3993 785 4044; x_wconf 77' lang='grc' dir='ltr'>δὲ</span> <span class='ocrx_word' id='word_1_324' title='bbox 800 3988 873 4053; x_wconf 71' lang='grc' dir='ltr'><strong><em>οὗτος</em></strong></span> <span class='ocrx_word' id='word_1_325' title='bbox 891 3995 904 4043; x_wconf 83' lang='grc' dir='ltr'><strong><em>δ</em></strong></span> <span class='ocrx_word' id='word_1_326' title='bbox 922 3995 1072 4053; x_wconf 85' lang='grc' dir='ltr'><strong><em>Ἱττίλυτος</em></strong></span> <span class='ocrx_word' id='word_1_327' title='bbox 1088 3993 1201 4057; x_wconf 80' lang='grc' dir='ltr'><strong><em>δεύτερος</em></strong></span> <span class='ocrx_word' id='word_1_328' title='bbox 1215 3993 1507 4056; x_wconf 73' lang='grc' dir='ltr'><strong><em>καὶστεφανίαςτροσα-</em></strong></span> 
     </span>
     <span class='ocr_line' id='line_1_37' title="bbox 310 4074 1506 4141; baseline 0.001 -17"><span class='ocrx_word' id='word_1_329' title='bbox 310 4074 646 4140; x_wconf 75' lang='grc' dir='ltr'><strong><em>γορευόμενος.ἒμφαίνεται</em></strong></span> <span class='ocrx_word' id='word_1_330' title='bbox 670 4075 697 4125; x_wconf 78' lang='grc' dir='ltr'>δὲ</span> <span class='ocrx_word' id='word_1_331' title='bbox 720 4075 823 4138; x_wconf 80' lang='grc' dir='ltr'><strong><em>1ίστερος</em></strong></span> <span class='ocrx_word' id='word_1_332' title='bbox 846 4076 1077 4141; x_wconf 75' lang='grc' dir='ltr'><strong><em>γεγραμμένος·τδ</em></strong></span> <span class='ocrx_word' id='word_1_333' title='bbox 1100 4079 1150 4140; x_wconf 78' lang='grc' dir='ltr'>γάρ</span> <span class='ocrx_word' id='word_1_334' title='bbox 1168 4076 1277 4139; x_wconf 78' lang='grc' dir='ltr'><strong><em>άτρετδς</em></strong></span> <span class='ocrx_word' id='word_1_335' title='bbox 1293 4075 1337 4128; x_wconf 73' lang='grc' dir='ltr'><strong><em>καί</em></strong></span> <span class='ocrx_word' id='word_1_336' title='bbox 1353 4076 1506 4139; x_wconf 79' lang='grc' dir='ltr'><strong><em>κατηγορίας</em></strong></span> 
     </span>
     <span class='ocr_line' id='line_1_38' title="bbox 310 4155 914 4225; baseline -0.005 -16"><span class='ocrx_word' id='word_1_337' title='bbox 310 4158 377 4225; x_wconf 79' lang='grc' dir='ltr'><strong><em>άξιον</em></strong></span> <span class='ocrx_word' id='word_1_338' title='bbox 397 4155 522 4221; x_wconf 74' lang='grc' dir='ltr'><strong><em>ἐντούτῳ</em></strong></span> <span class='ocrx_word' id='word_1_339' title='bbox 541 4157 675 4220; x_wconf 81' lang='grc' dir='ltr'><strong><em>διώρίωται</em></strong></span> <span class='ocrx_word' id='word_1_340' title='bbox 693 4163 729 4221; x_wconf 79' lang='grc' dir='ltr'>τῷ</span> <span class='ocrx_word' id='word_1_341' title='bbox 748 4157 866 4220; x_wconf 87' lang='grc' dir='ltr'><strong><em>δράματι.</em></strong></span> <span class='ocrx_word' id='word_1_342' title='bbox 912 4200 914 4206; x_wconf 97' lang='grc'>.</span> 
     </span>
    </p>

    <p class='ocr_par' dir='ltr' id='par_1_16' title="bbox 310 4238 1507 4635">
     <span class='ocr_line' id='line_1_39' title="bbox 343 4238 1505 4307; baseline 0 -17"><span class='ocrx_word' id='word_1_343' title='bbox 343 4244 371 4307; x_wconf 90' lang='grc'>8)</span> <span class='ocrx_word' id='word_1_344' title='bbox 388 4259 422 4292; x_wconf 86' lang='lat' dir='ltr'>vs.</span> <span class='ocrx_word' id='word_1_345' title='bbox 439 4242 580 4293; x_wconf 74' lang='lat' dir='ltr'>lle-479.</span> <span class='ocrx_word' id='word_1_346' title='bbox 599 4243 628 4291; x_wconf 89' lang='lat' dir='ltr'>In</span> <span class='ocrx_word' id='word_1_347' title='bbox 645 4258 679 4291; x_wconf 88' lang='lat' dir='ltr'>vs.</span> <span class='ocrx_word' id='word_1_348' title='bbox 697 4243 747 4292; x_wconf 76' lang='lat'>4³3</span> <span class='ocrx_word' id='word_1_349' title='bbox 765 4246 929 4292; x_wconf 86' lang='lat' dir='ltr'>memorantur</span> <span class='ocrx_word' id='word_1_350' title='bbox 946 4243 1073 4292; x_wconf 79' lang='grc' dir='ltr'><strong><em>Θυεστεῖα</em></strong></span> <span class='ocrx_word' id='word_1_351' title='bbox 1091 4241 1150 4304; x_wconf 59' lang='lat' dir='ltr'>§aaa</span> <span class='ocrx_word' id='word_1_352' title='bbox 1168 4241 1207 4290; x_wconf 92' lang='lat' dir='ltr'>ubi</span> <span class='ocrx_word' id='word_1_353' title='bbox 1224 4241 1308 4290; x_wconf 83' lang='lat' dir='ltr'>schol:</span> <span class='ocrx_word' id='word_1_354' title='bbox 1330 4238 1385 4298; x_wconf 76' lang='grc' dir='ltr'><strong><em>ἠτοι</em></strong></span> <span class='ocrx_word' id='word_1_355' title='bbox 1402 4241 1436 4289; x_wconf 75' lang='grc' dir='ltr'>τα</span> <span class='ocrx_word' id='word_1_356' title='bbox 1455 4245 1505 4290; x_wconf 79' lang='grc' dir='ltr'>τῶν</span> 
     </span>
     <span class='ocr_line' id='line_1_40' title="bbox 310 4321 1506 4388; baseline 0 -16"><span class='ocrx_word' id='word_1_357' title='bbox 310 4328 439 4385; x_wconf 74' lang='grc' dir='ltr'><strong><em>Κρησσῶν,</em></strong></span> <span class='ocrx_word' id='word_1_358' title='bbox 456 4322 470 4380; x_wconf 73' lang='lat' dir='ltr'>t</span> <span class='ocrx_word' id='word_1_359' title='bbox 488 4321 568 4372; x_wconf 74' lang='grc' dir='ltr'><strong><em>αὐτοῦ</em></strong></span> <span class='ocrx_word' id='word_1_360' title='bbox 586 4326 632 4372; x_wconf 72' lang='grc' dir='ltr'>τοῦ</span> <span class='ocrx_word' id='word_1_361' title='bbox 651 4322 773 4373; x_wconf 87' lang='grc' dir='ltr'><strong><em>Θυέστου.</em></strong></span> <span class='ocrx_word' id='word_1_362' title='bbox 793 4326 896 4373; x_wconf 76' lang='lat' dir='ltr'>Auctore</span> <span class='ocrx_word' id='word_1_363' title='bbox 916 4324 1085 4374; x_wconf 85' lang='lat' dir='ltr'>Valckenaerio</span> <span class='ocrx_word' id='word_1_364' title='bbox 1103 4325 1199 4372; x_wconf 84' lang='lat' dir='ltr'>Cressae</span> <span class='ocrx_word' id='word_1_365' title='bbox 1216 4326 1239 4372; x_wconf 86' lang='lat' dir='ltr'>et</span> <span class='ocrx_word' id='word_1_366' title='bbox 1251 4324 1363 4388; x_wconf 81' lang='lat' dir='ltr'>Thyestes</span> <span class='ocrx_word' id='word_1_367' title='bbox 1378 4324 1450 4387; x_wconf 85' lang='lat' dir='ltr'>vulgo</span> <span class='ocrx_word' id='word_1_368' title='bbox 1460 4339 1506 4372; x_wconf 82' lang='lat' dir='ltr'>una</span> 
     </span>
     <span class='ocr_line' id='line_1_41' title="bbox 310 4404 1506 4470; baseline -0.001 -15"><span class='ocrx_word' id='word_1_369' title='bbox 310 4406 389 4455; x_wconf 80' lang='lat' dir='ltr'>fabula</span> <span class='ocrx_word' id='word_1_370' title='bbox 414 4406 485 4454; x_wconf 84' lang='lat' dir='ltr'>luisse</span> <span class='ocrx_word' id='word_1_371' title='bbox 500 4404 643 4464; x_wconf 84' lang='lat' dir='ltr'>hebebatur,</span> <span class='ocrx_word' id='word_1_372' title='bbox 662 4405 752 4470; x_wconf 85' lang='lat' dir='ltr'>duplici</span> <span class='ocrx_word' id='word_1_373' title='bbox 770 4409 855 4454; x_wconf 86' lang='lat' dir='ltr'>ornata</span> <span class='ocrx_word' id='word_1_374' title='bbox 872 4407 952 4455; x_wconf 83' lang='lat' dir='ltr'>tilulo.</span> <span class='ocrx_word' id='word_1_375' title='bbox 973 4408 1057 4470; x_wconf 80' lang='lat' dir='ltr'>Nuper</span> <span class='ocrx_word' id='word_1_376' title='bbox 1074 4421 1129 4453; x_wconf 89' lang='lat' dir='ltr'>vcro</span> <span class='ocrx_word' id='word_1_377' title='bbox 1147 4422 1168 4454; x_wconf 89' lang='lat' dir='ltr'>v.</span> <span class='ocrx_word' id='word_1_378' title='bbox 1187 4405 1332 4454; x_wconf 84' lang='lat' dir='ltr'>clarissimus</span> <span class='ocrx_word' id='word_1_379' title='bbox 1351 4420 1372 4454; x_wconf 91' lang='grc' dir='ltr'>ν.</span> <span class='ocrx_word' id='word_1_380' title='bbox 1392 4407 1506 4454; x_wconf 85' lang='lat' dir='ltr'>Lceuwen</span> 
     </span>
     <span class='ocr_line' id='line_1_42' title="bbox 310 4487 1505 4554; baseline 0 -18"><span class='ocrx_word' id='word_1_381' title='bbox 310 4489 415 4551; x_wconf 85' lang='lat' dir='ltr'>(Comm.</span> <span class='ocrx_word' id='word_1_382' title='bbox 439 4488 467 4535; x_wconf 93' lang='lat' dir='ltr'>de</span> <span class='ocrx_word' id='word_1_383' title='bbox 490 4487 568 4536; x_wconf 80' lang='lat' dir='ltr'>Aiacis</span> <span class='ocrx_word' id='word_1_384' title='bbox 591 4487 702 4554; x_wconf 86' lang='lat' dir='ltr'>Sophocl.</span> <span class='ocrx_word' id='word_1_385' title='bbox 724 4487 849 4537; x_wconf 86' lang='lat' dir='ltr'>authentia</span> <span class='ocrx_word' id='word_1_386' title='bbox 872 4492 895 4537; x_wconf 88' lang='lat' dir='ltr'>ct</span> <span class='ocrx_word' id='word_1_387' title='bbox 918 4489 1058 4552; x_wconf 69' lang='lat' dir='ltr'>integritate</span> <span class='ocrx_word' id='word_1_388' title='bbox 1081 4503 1118 4552; x_wconf 80' lang='lat' dir='ltr'>pg.</span> <span class='ocrx_word' id='word_1_389' title='bbox 1140 4487 1186 4539; x_wconf 75' lang='lat'>174</span> <span class='ocrx_word' id='word_1_390' title='bbox 1204 4491 1265 4552; x_wconf 85' lang='lat' dir='ltr'>sqq.)</span> <span class='ocrx_word' id='word_1_391' title='bbox 1283 4504 1321 4537; x_wconf 84' lang='lat' dir='ltr'>cas</span> <span class='ocrx_word' id='word_1_392' title='bbox 1338 4489 1396 4536; x_wconf 86' lang='lat' dir='ltr'>duas</span> <span class='ocrx_word' id='word_1_393' title='bbox 1413 4487 1505 4538; x_wconf 82' lang='lat' dir='ltr'>fabulas</span> 
     </span>
     <span class='ocr_line' id='line_1_43' title="bbox 310 4569 1507 4635; baseline 0.002 -17"><span class='ocrx_word' id='word_1_394' title='bbox 310 4569 381 4618; x_wconf 78' lang='lat' dir='ltr'>luisse</span> <span class='ocrx_word' id='word_1_395' title='bbox 399 4569 516 4628; x_wconf 86' lang='lat' dir='ltr'>ostendit,</span> <span class='ocrx_word' id='word_1_396' title='bbox 534 4573 558 4618; x_wconf 87' lang='lat' dir='ltr'>et</span> <span class='ocrx_word' id='word_1_397' title='bbox 575 4570 629 4619; x_wconf 83' lang='lat' dir='ltr'>aliia</span> <span class='ocrx_word' id='word_1_398' title='bbox 645 4570 789 4620; x_wconf 86' lang='lat' dir='ltr'>testimoniis</span> <span class='ocrx_word' id='word_1_399' title='bbox 807 4569 886 4619; x_wconf 83' lang='lat' dir='ltr'>allatis</span> <span class='ocrx_word' id='word_1_400' title='bbox 904 4573 928 4619; x_wconf 84' lang='lat' dir='ltr'>el</span> <span class='ocrx_word' id='word_1_401' title='bbox 946 4571 997 4635; x_wconf 89' lang='lat' dir='ltr'>ipso</span> <span class='ocrx_word' id='word_1_402' title='bbox 1014 4570 1059 4618; x_wconf 88' lang='lat' dir='ltr'>hoc</span> <span class='ocrx_word' id='word_1_403' title='bbox 1076 4569 1179 4629; x_wconf 88' lang='lat' dir='ltr'>scholio,</span> <span class='ocrx_word' id='word_1_404' title='bbox 1197 4573 1346 4634; x_wconf 85' lang='lat' dir='ltr'>quocontra</span> <span class='ocrx_word' id='word_1_405' title='bbox 1364 4586 1390 4620; x_wconf 81' lang='lat' dir='ltr'>ee</span> <span class='ocrx_word' id='word_1_406' title='bbox 1408 4571 1437 4619; x_wconf 89' lang='lat' dir='ltr'>V.</span> <span class='ocrx_word' id='word_1_407' title='bbox 1453 4586 1507 4620; x_wconf 86' lang='lat' dir='ltr'>cen·</span> 
     </span>
    </p>
   </div>
   <div class='ocr_carea' id='block_1_5' title="bbox 0 0 1725 5360">
    <p class='ocr_par' dir='ltr' id='par_1_17' title="bbox 0 0 1725 5360">
     <span class='ocr_line' id='line_1_44' title="bbox 0 0 1725 5360; baseline 0 0"><span class='ocrx_word' id='word_1_408' title='bbox 0 0 1725 5360; x_wconf 95' lang='lat' dir='ltr'> </span> 
     </span>
    </p>
   </div>
  </div>
 </body>
</html>
