3408 5360
871 459 911 522 14
1474 474 1489 502 ·

338 640 384 706 De
406 640 506 705 lonc
530 662 654 726 quoque
675 641 711 704 in
734 640 871 705 diverses
890 640 956 704 itur
975 641 1158 706 sententies.
1180 641 1385 707 Hermannus
1398 643 1482 708 hanc

224 766 274 816 420
291 747 433 811 fabulam
457 769 523 812 non
545 748 619 832 poet
643 745 691 810 Ol.
717 747 795 824 89,4
818 747 970 831 scriptam
993 750 1109 826 censet,
1131 749 1180 812 cui
1205 751 1377 814 assentitur
1401 749 1482 814 Din-

226 862 275 914 427
294 855 423 918 dorfiue.
443 853 623 918 Boeckhius
643 857 676 917 et
695 852 814 917 Bodius
835 853 959 918 circiter
979 853 1028 918 Ol.
1045 855 1132 932 88,1.
1146 854 1361 920 Bernhardius
1374 877 1482 921 eorum

226 976 276 1025 418
295 982 451 1025 annorum
475 959 579 1024 medio
603 962 764 1044 tempore;
788 958 896 1024 Fixius
919 981 994 1024 vero
1017 959 1067 1025 Ol.
1092 962 1169 1039 903
1184 959 1220 1042 1).

292 1217 317 1263 et
338 1215 420 1278 postea
442 1229 535 1278 qnoque
557 1213 763 1265 vehementissime
786 1215 861 1264 hostis
883 1218 986 1264 mortem
1010 1214 1128 1281 exposcit,
1146 1232 1290 1281 quamquam
1307 1233 1391 1282 praeco
1408 1217 1486 1266 decla-

293 1295 356 1344 ravit
372 1295 555 1346 Atheniensibus
572 1296 598 1345 in
614 1296 753 1360 religionem
770 1297 851 1345 venire
869 1297 961 1346 hostem
980 1297 1098 1356 occidere,
1117 1298 1158 1362 qni
1176 1315 1200 1347 se
1214 1300 1264 1365 ipss
1279 1299 1411 1349 tradiderit.
1428 1300 1484 1348 Non

292 1382 394 1437 temere,
412 1394 449 1428 me
464 1377 558 1440 judice,
576 1378 688 1429 Alcmene
706 1379 799 1444 depicta
814 1387 848 1429 cst
863 1380 986 1444 sanguinis
1000 1380 1145 1438 aridissima;
1174 1397 1280 1447 nempe
1303 1381 1486 1448 Spartiatae

293 1478 326 1511 ex
352 1477 385 1511 ea
408 1461 537 1511 oriundi
560 1466 661 1521 erant;
687 1463 768 1527 itaque
785 1463 881 1512 videtur
898 1463 958 1511 mihi
976 1461 1103 1528 Euripides
1121 1463 1165 1512 hoc
1182 1464 1284 1513 artificio
1300 1464 1387 1513 borum
1404 1465 1485 1513 crude·

293 1543 387 1593 litatem
403 1544 491 1593 civium
508 1559 606 1594 snorum
622 1544 707 1609 pietati
721 1544 872 1610 opposuisse,
882 1544 969 1610 quippe
978 1549 1086 1610 spectans
1095 1561 1188 1595 saevam
1198 1546 1373 1596 Platacdnsium
1383 1546 1484 1596 caedem.

327 1628 426 1675 Certum
448 1625 564 1676 indicium
586 1627 689 1676 inveniri
706 1627 770 1676 dieas
788 1625 828 1676 nbi
846 1627 1004 1690 Eurystheus,
1024 1628 1123 1692 antiquo
1140 1628 1206 1678 nisus
1224 1629 1320 1678 oraculo
1337 1629 1487 1678 Atheniensi·

293 1709 344 1768 bus,
359 1709 400 1773 qui
418 1725 441 1758 se
458 1725 553 1758 servare
570 1709 716 1768 maluissent,
733 1709 855 1774 promittit
872 1724 957 1774 corpus
974 1725 1043 1759 snum
1062 1710 1141 1759 Attica
1158 1714 1224 1760 terra
1242 1714 1364 1776 receptum
1380 1710 1410 1759 iis
1427 1726 1487 1759 sem·

294 1807 338 1858 per
360 1792 412 1842 lore
436 1791 565 1856 benignum
582 1800 605 1840 et
623 1792 785 1850 salutiferum,
805 1791 989 1841 Heraclidarum
1007 1808 1063 1841 vero
1080 1793 1182 1857 posteris
1199 1794 1313 1842 infestum
1330 1795 1354 1842 et
1371 1792 1487 1858 pernicio-

294 1891 346 1923 sum
363 1872 423 1922 trau
441 1875 537 1934 μόλωσι
556 1871 624 1934 δεῦρο
642 1873 687 1921 σὺν
704 1874 787 1936 πολλῇ
805 1871 877 1935 χερὶ,
894 1871 969 1936 χάριν
986 1871 1117 1935 προδόντες
1134 1873 1214 1932 τήνδε.
1232 1876 1264 1924 Et
1280 1879 1360 1924 tamen
1377 1875 1416 1924 hic
1432 1874 1486 1923 finis

294 1973 347 2006 meo
367 1956 457 2019 judicio
480 1972 527 2005 non
551 1955 636 2004 referri
658 1960 737 2020 potest
755 1956 784 2003 ad
801 1955 906 2020 aliquam
923 1955 1082 2006 incursionem
1100 1973 1113 2005 a
1130 1957 1320 2008 Lacedaemoniis
1338 1958 1363 2006 in
1380 1957 1486 2006 Atticam

293 2040 388 2090 iactam.

328 2122 354 2171 Si
376 2121 423 2170 alia
444 2121 524 2171 omnia
548 2121 654 2186 negligas
670 2121 773 2171 maxime
790 2121 919 2170 verisimile
937 2121 1033 2171 videtur
1050 2122 1169 2185 tragicum
1186 2123 1278 2188 patriae
1295 2123 1409 2188 pietatem
1426 2122 1486 2171 cele·

295 2204 364 2254 brsre
388 2204 501 2263 voluisse,
520 2204 647 2269 Spartiatis
664 2208 743 2256 autem
760 2207 785 2252 et
801 2203 1026 2253 commemoratione
1042 2202 1148 2253 beneficii
1165 2205 1223 2254 olim
1240 2205 1329 2270 accepti
1346 2208 1371 2253 et
1391 2205 1487 2254 futurae

295 2288 368 2337 cladis
392 2288 456 2337 malo
482 2287 582 2352 augurio
607 2288 748 2352 persuadere
774 2302 804 2335 ue
828 2290 908 2335 terrae
929 2287 1023 2336 Atticae
1040 2286 1129 2336 bellum
1143 2287 1274 2346 inferrent.
1293 2303 1366 2352 quere
1383 2287 1487 2337 fabulam

296 2371 389 2420 doctam
406 2370 487 2419 credas
503 2369 630 2434 aliqnando
648 2369 732 2434 legatis
748 2369 875 2435 Spartiatis
892 2368 1062 2434 praesentibus.

330 2454 355 2513 1)
373 2452 484 2517 Plerique
510 2452 535 2501 iu
553 2452 624 2501 huius
640 2450 732 2500 fabulae
749 2454 826 2500 aetate
844 2451 975 2500 delinienda
993 2454 1097 2500 metrum
1114 2451 1191 2500 solnm
1208 2452 1376 2517 contemplati,
1392 2467 1420 2500 ex
1438 2451 1489 2501 eins

296 2533 433 2598 generibus,
460 2551 473 2582 e
497 2551 597 2584 numere
622 2532 774 2582 solutionum
793 2533 936 2583 seutentiam
958 2533 1112 2596 collegerunt.
1138 2535 1247 2598 Quarum
1273 2550 1355 2583 rerum
1369 2533 1487 2597 judicium

294 2621 373 2667 tamen
395 2633 463 2682 saepe
484 2616 597 2666 turbatur
621 2620 646 2664 et
662 2615 737 2680 ipsius
753 2618 836 2680 poetae
854 2618 877 2663 ct
896 2614 998 2664 aliorum
1016 2615 1255 2679 interpolationibus,
1274 2616 1309 2666 ita
1327 2615 1422 2666 utheri
1440 2632 1488 2665 non

293 2700 367 2765 possit
384 2700 442 2764 quin
459 2699 620 2748 conclusiones
637 2713 710 2746 vanae
727 2713 795 2762 saepe
812 2697 861 2746 sint
877 2701 901 2746 et
918 2697 1030 2745 incertae.
1049 2697 1144 2746 lltenirn
1162 2698 1268 2747 videmus
1286 2699 1330 2748 hac
1348 2700 1430 2748 eadem
1447 2698 1485 2747 ria

294 2784 323 2832 ed
346 2781 517 2831 diversissimas
539 2784 614 2830 metas
636 2779 763 2844 perveniri.
790 2780 836 2827 Sed
854 2779 929 2828 miror
951 2779 1015 2828 viros
1033 2779 1113 2828 doctos
1131 2782 1249 2844 quantum
1264 2780 1313 2829 scio
1330 2781 1356 2830 in
1374 2780 1488 2846 Euripide

295 2865 449 2914 exsminando
473 2878 603 2927 numquam
620 2862 727 2910 animum
745 2861 873 2910 attendisse
891 2861 919 2910 ad
939 2861 1101 2912 diverbiornm
1119 2862 1234 2919 formam,
1253 2863 1355 2926 quaein
1372 2862 1489 2912 dramatis

294 2945 467 3012 posterioribus
491 2945 597 2994 multum
622 2944 702 2992 differt
718 2960 732 2992 a
751 2944 828 2993 forma
845 2943 871 2992 in
888 2943 1009 3008 prioribus
1028 2944 1123 2993 usitata.
1143 2945 1173 2993 ln
1190 2944 1240 2993 illis
1257 2945 1321 2994 enim
1335 2945 1487 2995 manifestum

295 3028 402 3078 cernitur
418 3027 524 3076 studium
546 3025 679 3090 augendi
701 3041 860 3074 nnmerum
882 3025 1202 3090 sticbcmythiurum,
1227 3030 1257 3075 et
1280 3043 1424 3077 versuum
1446 3028 1489 3076 in-

295 3113 343 3159 ter
368 3111 444 3158 duas
468 3124 619 3174 personas
644 3107 828 3157 divisorum.
853 3108 901 3156 Per
926 3107 1015 3158 multos
1037 3124 1118 3158 versus
1143 3109 1268 3158 continuos
1284 3125 1398 3175 personae
1415 3109 1490 3159 collo·

295 3195 394 3256 quentes
415 3191 521 3256 singulos
542 3194 637 3240 tantum
660 3190 748 3239 stichos
766 3190 881 3247 recitant.
900 3193 942 3240 sat
958 3190 1077 3241 trimetris
1093 3191 1201 3240 iambicis
1218 3195 1260 3241 sut
1276 3192 1424 3241 tetrametris
1439 3194 1490 3241 tro·

295 3274 382 3324 chalcis
397 3273 496 3323 clausos.
514 3273 670 3322 'l'rochaioum
690 3276 794 3321 metrum
812 3273 909 3321 omnino
927 3272 952 3321 in
969 3273 1141 3339 posterioribus
1158 3274 1488 3325 tantumfsbulisinvenitur.

295 3357 357 3406 'lum
378 3357 450 3406 multi
472 3358 601 3406 occurrunt
618 3354 688 3404 stichi
705 3354 771 3404 inter
789 3355 846 3403 duas
863 3370 974 3419 personas
991 3355 1075 3414 divisi,
1093 3355 1234 3420 plerumque
1250 3357 1377 3406 trochaicis
1394 3359 1490 3406 octona·

295 3441 351 3499 riis,
370 3438 442 3489 semel
459 3442 554 3488 tautum
572 3454 614 3504 per
631 3437 733 3503 amplius
750 3437 885 3502 quindecim
899 3453 980 3486 versus
995 3438 1121 3487 continuos
1135 3439 1234 3488 senariis
1242 3438 1349 3489 iambicis
1357 3439 1490 3504 compositi.

228 3527 279 3576 412
328 3522 411 3572 Prima
437 3521 532 3570 Helena
557 3520 679 3583 tragoedia
706 3519 756 3585 (Ol.
780 3521 847 3579 91,4)
871 3520 960 3570 multos
978 3536 1059 3570 versus
1077 3520 1204 3586 bipertitos
1221 3520 1292 3570 habet
1309 3522 1440 3571 continuos.
1460 3522 1490 3570 In

297 3605 429 3656 Troadibus
450 3605 514 3654 enim
537 3605 643 3654 nondum
668 3606 804 3653 occurrunt.
832 3603 891 3652 Post
915 3601 1034 3652 Helenam
1054 3605 1165 3662 Orestes,
1183 3604 1309 3671 iphigenia
1325 3604 1394 3664 Aul,
1411 3605 1491 3653 Phoe-

298 3689 381 3739 nissae.
399 3689 468 3737 Inter
482 3687 574 3737 tabulas
590 3685 733 3752 posteriores
750 3686 856 3734 Bacchae
873 3688 969 3734 tantum
983 3685 1013 3734 iis
1026 3688 1120 3745 careut;
1137 3702 1218 3735 verum
1233 3687 1291 3736 hacc
1305 3685 1385 3736 fabule
1402 3685 1492 3736 multos

298 3770 369 3821 habet
385 3787 417 3820 vs,
436 3769 570 3819 trochaicos
587 3769 627 3833 (de
645 3769 699 3834 Iph.
720 3769 791 3818 Taur.
809 3784 832 3819 v.
850 3784 889 3832 pg.
908 3770 961 3832 sq).
1298 3769 1299 3774 ’

332 3854 384 3902 Nec
405 3852 647 3918 praetermittendum
669 3851 765 3901 videtur
787 3852 890 3915 quatuor
914 3866 953 3899 ess
975 3849 1066 3899 tabulas
1089 3850 1186 3900 omuino
1203 3851 1280 3901 multo
1298 3851 1411 3901 maiorem
1429 3866 1492 3900 com·

298 3936 372 4001 plecti
397 3951 509 3985 versuum
534 3949 660 3984 nnmerum
682 3934 775 3998 (omnes
793 3933 1160 3998 enimamplius1600)quam
1183 3935 1275 3998 priores
1292 3934 1372 3998 (nulla
1390 3933 1493 3998 amplius

299 4018 385 4082 1500).
412 4017 526 4066 Videmus
542 4016 618 4080 igitur
637 4015 774 4081 Euripidem
792 4031 866 4079 quum
883 4015 1025 4080 procedente
1041 4018 1150 4080 tempore
1166 4016 1318 4065 severitatem
1333 4015 1404 4065 metri
1413 4015 1493 4065 minus

298 4102 393 4148 curaret
416 4099 531 4148 maiorem
547 4113 644 4163 operem
660 4098 751 4147 dedisse
768 4100 795 4146 nt
812 4097 967 4147 artificiosum
986 4100 1061 4156 esset,
1078 4114 1133 4148 oum
1150 4099 1209 4148 artis
1226 4099 1369 4148 detrimento
1386 4097 1492 4148 laborem

298 4196 352 4229 arc
366 4180 497 4230 necessaria
510 4182 540 4230 ad
557 4196 607 4229 rem
624 4179 705 4245 paucis
721 4182 818 4228 tanturn
834 4178 892 4228 locis
908 4180 1096 4239 convenientem,
1114 4197 1184 4246 saepe
1202 4197 1257 4230 vero
1275 4181 1387 4230 inutilem
1401 4187 1423 4230 et
1442 4197 1494 4230 mo·

299 4263 383 4312 lostam
399 4264 551 4312 transferens.
579 4263 603 4311 N
606 4278 651 4311 uno
667 4265 748 4312 sutem
767 4263 850 4311 lenem
868 4262 1047 4328 conspiciamus.

334 4346 401 4395 Hace
423 4345 503 4395 tabula
524 4345 631 4411 primum
653 4348 756 4409 quatuor
777 4345 827 4394 illis
850 4361 922 4410 supra
943 4345 1072 4395 nominatis
1095 4345 1134 4395 vix
1157 4346 1275 4396 minorem
1294 4346 1366 4397 habet
1381 4361 1493 4396 versuum

299 4443 433 4479 numerum.
458 4428 520 4478 'l'nm
543 4427 727 4493 stichcmythies
749 4426 861 4476 iambicas
886 4427 957 4477 habet
979 4428 1052 4477 semel
1068 4443 1111 4492 per
1129 4443 1162 4476 vs.
1174 4429 1221 4478 '105
1237 4429 1278 4494 (sc.
1298 4445 1332 4478 vs.
1348 4427 1493 4490 264-868)

299 4511 388 4562 iterum
405 4526 448 4576 per
464 4526 498 4560 vs.
516 4513 549 4561 94
567 4510 739 4575 (sse-1028)
757 4510 897 4569 continuas,
911 4510 1044 4560 trochaicae
1061 4511 1107 4570 13,
1126 4524 1162 4559 vs.
1180 4511 1312 4560 trochaicus
1329 4510 1447 4576 simplices
1466 4508 1496 4567 7,

301 4597 330 4664 5,
349 4593 394 4653 17,
414 4593 542 4660 bipertitos
561 4595 600 4644 38.
