3408 5360
795 437 838 502 25

224 643 252 686 v.
278 619 431 685 heeuwmr
462 618 589 704 copiose
622 619 800 704 disputavit
813 619 838 705 ¹)
861 621 928 686 eius
950 621 1116 705 ingenium
1140 620 1280 705 tragicae
1302 644 1414 687 scenae

221 749 287 792 non
321 727 524 811 convenisse,
557 747 693 810 eumque
726 727 752 791 si
782 749 855 792 rere
878 727 990 792 fuisset
1012 730 1107 811 poeta
1130 747 1283 810 magnus,
1308 729 1362 812 qui
1387 729 1414 793 si

221 834 298 899 trita
318 834 371 898 ria
395 853 460 897 non
485 831 621 896 sufficiat
642 832 678 896 in
704 855 788 898 nova
810 834 926 898 itinera
949 836 1154 918 prorumpat,
1178 854 1279 898 novae
1290 855 1413 898 comoe-

221 940 290 1006 diae
311 939 455 1004 futurum
479 938 574 1003 fuisse
598 941 770 1004 auctorem.

266 1045 342 1112 ,lure
365 1045 494 1110 missam
515 1044 592 1108 facit
611 1044 760 1110 fabellam
786 1069 850 1131 qna
869 1045 1038 1130 Euripides
1057 1045 1157 1110 fertur
1179 1045 1413 1130 philosophiam

223 1153 468 1237 Anaxagoream
501 1151 654 1235 populum
693 1151 732 1215 de
768 1174 862 1217 scena
898 1155 1008 1216 dooere
1042 1152 1179 1217 voluisse
1192 1150 1227 1228 ²).
1263 1149 1416 1214 Similiter

222 1259 393 1344 rejicienda
415 1261 464 1322 est
486 1257 648 1321 sententia
671 1259 859 1322 testantium
883 1281 955 1322 eum
978 1260 1015 1321 ut
1039 1257 1156 1322 civium
1180 1278 1285 1320 mores
1307 1278 1414 1322 emen·

223 1366 313 1430 daret
345 1367 386 1428 ad
409 1385 534 1428 scenam
561 1363 715 1447 tragicam
740 1364 916 1430 accessisse.
943 1363 1029 1428 Num
1053 1363 1217 1427 doleamus
1240 1364 1325 1446 quod
1347 1383 1415 1426 non

224 1472 311 1537 velut
341 1471 435 1536 Plato
458 1473 533 1555 post
555 1470 676 1554 primos
698 1474 834 1534 conatus
858 1471 969 1536 relicta
991 1470 1079 1554 poesi
1100 1473 1205 1534 totum
1229 1491 1262 1534 se
1283 1470 1319 1534 in
1341 1469 1415 1554 phi-

222 1577 385 1662 losophiae
415 1577 557 1641 studium
589 1574 741 1640 tradidit?
775 1577 918 1642 Minime.
959 1576 1091 1640 Videtur
1122 1576 1207 1640 enim
1232 1598 1269 1640 ea
1292 1575 1416 1660 ingenii

224 1683 404 1749 constantia
420 1686 452 1747 et
474 1681 654 1746 subtilitate
677 1682 823 1760 caruisse,
847 1704 928 1766 quae
951 1681 1060 1746 omnia
1085 1682 1124 1744 ad
1149 1684 1252 1746 certas
1275 1686 1308 1744 et
1330 1681 1416 1745 inter

225 1813 258 1855 se
280 1791 469 1875 conjunctas
491 1787 578 1872 leges
600 1787 737 1872 redigat.

269 1897 370 1981 Atqui
400 1894 482 1959 nihil
514 1895 696 1958 mirandum
728 1897 776 1958 est
806 1895 992 1978 praesertim
1015 1895 1171 1979 tragicam
1196 1895 1320 1958 Musam
1345 1916 1416 1956 eum

226 2003 377 2086 coluisse,
397 2001 516 2087 quippe
532 2000 588 2083 qui
600 2003 715 2064 natura
726 2000 921 2084 ingenioque
935 2001 982 2065 ita
993 2005 1076 2064 esset
1086 2001 1263 2065 instructus
1275 2003 1311 2064 ut
1324 2021 1417 2063 nemo

226 2107 349 2172 acutius
371 2106 565 2192 perspiceret
587 2105 672 2170 vitae
694 2106 897 2190 asperitatem
922 2109 1095 2191 duramque
1116 2106 1239 2190 legem:
1261 2127 1301 2169 ne
1320 2105 1418 2170 fortes

226 2213 354 2298 quidem
372 2212 559 2296 scelerisque
578 2231 676 2296 puros
696 2212 814 2276 virtute
826 2234 883 2276 sna
895 2233 914 2274 a
925 2211 1074 2275 fortunae
1086 2211 1210 2276 casibus
1222 2208 1360 2288 delendi,
1379 2249 1411 2258 -

226 2341 307 2403 quae
332 2319 369 2383 in
390 2339 486 2383 scena
509 2320 745 2402 repraesentata
769 2339 840 2382 cnm
864 2317 1001 2381 maxime
1014 2321 1144 2381 movent
1155 2313 1256 2392 tason
1272 2353 1310 2364 -
1326 2337 1417 2392 enm,

227 2447 290 2510 quo
328 2446 421 2490 nemo
457 2424 570 2489 melius
603 2423 817 2508 intelligeret,
853 2423 1057 2507 gravissimas
1091 2423 1288 2487 calamitates
1323 2442 1418 2505 saepe

226 2531 391 2596 imminere
414 2529 683 2615 necopinantibus
705 2531 738 2593 et
760 2530 842 2594 laete
864 2527 1063 2605 viventibus,
1089 2548 1183 2592 nemo
1207 2527 1312 2612 aptior
1335 2530 1418 2590 esset

227 2638 266 2702 ad
289 2640 590 2722 repraesentandam
611 2636 711 2699 animi
730 2635 1009 2720 perturbationum
1028 2634 1093 2698 vim
1115 2633 1286 2697 terribilem
1300 2635 1333 2696 et
1344 2654 1418 2716 per·

228 2743 378 2808 niciosam
386 2763 394 2820 ;
419 2765 501 2827 quae
520 2742 628 2807 omnia
640 2742 853 2826 spectantium
866 2741 982 2804 animis
994 2740 1304 2804 vehementissimum
1318 2737 1417 2818 Φόβον

228 2851 369 2915 incutere
399 2849 505 2914 solent
536 2848 685 2932 (Aristot.
719 2849 809 2912 Poet.
835 2869 862 2912 c.
889 2849 931 2911 13
955 2869 987 2931 p.
1016 2846 1147 2927 latua).
1183 2846 1322 2930 Ideoque
1346 2866 1418 2908 eum

227 2955 415 3020 Aristoteles
434 2955 577 3020 omnium
596 2957 764 3040 poetarum
787 2957 1101 3033 acernaacerna
1124 2952 1306 3037 appellarit.
1319 2950 1418 3017 Juve-

228 3061 277 3126 nis
296 3061 449 3126 facultate
468 3061 592 3146 poetica
611 3065 761 3138 ornatus,
778 3060 867 3126 cuins
880 3060 1006 3124 animus
1019 3058 1220 3123 vehementer
1231 3058 1419 3124 movebatur

228 3189 333 3232 rerum
358 3167 514 3231 laetarum
539 3173 572 3232 et
594 3167 734 3231 tristium
756 3167 792 3230 in
815 3167 882 3231 vita
905 3166 1073 3249 repentina
1097 3164 1331 3246 vicissitudine3
1364 3163 1420 3248 qui

229 3274 358 3358 insuper
391 3273 439 3336 ita
473 3275 616 3336 moratus
652 3275 720 3336 erat
750 3277 803 3346 ut,
836 3294 935 3357 quum
963 3271 1004 3335 ab
1035 3270 1202 3334 hominnm
1236 3268 1420 3333 celebritate

229 3379 429 3455 abhorreret,
462 3378 491 3442 ei
520 3381 629 3442 tamen
663 3378 810 3463 (proinde
841 3400 877 3442 ac
909 3381 1003 3462 poeta
1026 3378 1152 3440 nostras
1177 3375 1215 3438 de
1238 3396 1272 3438 se
1295 3375 1420 3459 praedi-

230 3487 324 3566 carit)
347 3506 586 3570 »quaecumque
604 3484 670 3549 imo
689 3486 818 3569 pectore
835 3484 974 3547 laterent
992 3504 1009 3547 e
1029 3481 1173 3546 faucibus
1184 3479 1419 3565 erumperent,”

229 3591 256 3655 is
286 3592 340 3655 rix
369 3591 439 3655 fieri
473 3593 600 3675 poterat
622 3592 701 3675 quin
726 3590 766 3653 ad
792 3589 970 3672 tragoedias
998 3587 1180 3652 scribendas
1204 3585 1418 3662 incumberet,

231 3719 288 3762 nec
318 3697 399 3761 mihi
423 3718 503 3783 opus
527 3718 594 3760 esse
617 3696 743 3760 videtur
764 3698 802 3759 ut
825 3695 952 3759 aliunde
976 3696 1139 3778 quandam
1159 3693 1254 3758 huius
1276 3691 1322 3756 rei
1344 3713 1421 3756 osu·

231 3824 295 3867 sam
319 3803 520 3887 indagemus.

276 3907 305 3973 A
340 3908 452 3994 primis
483 3907 561 3972 artis
592 3907 732 3992 tragicae
762 3907 863 3972 initiis
897 3905 1003 3989 mythi
1036 3905 1161 3990 antiqui
1195 3905 1421 3990 amplissimam

232 4015 442 4096 praebuerant
465 4012 647 4090 materiem,
673 4035 775 4096 neque
800 4013 866 4077 nlla
889 4016 959 4077 erat
981 4033 1077 4077 cansa
1099 4032 1154 4076 cnr
1178 4031 1244 4075 non
1256 4008 1424 4095 Euripides

232 4140 355 4204 qnoque
388 4141 461 4197 eos,
493 4119 529 4184 in
558 4119 674 4204 quibus
698 4141 808 4184 omnes
830 4119 1028 4183 calamitates
1050 4118 1245 4203 affectusque
1267 4117 1426 4181 humanos

234 4226 347 4292 eximio
382 4226 478 4291 modo
513 4227 719 4292 adumbratos
751 4228 911 4310 cerneret,
943 4225 977 4290 in
1008 4246 1098 4289 suam
1126 4245 1193 4287 rem
1216 4226 1424 4288 converteret.

267 4482 294 4545 l)
312 4481 342 4532 ln
360 4479 527 4530 dlnertatiom
544 4479 653 4530 literaria
668 4480 697 4528 de
714 4477 887 4544 Aristophane,
906 4477 1027 4545 Euripidis
1043 4491 1138 4526 censore
1155 4491 1176 4528 c.
1194 4476 1221 4525 11
1240 4477 1281 4538 §8
1299 4477 1324 4524 st
1339 4475 1364 4526 4.

265 4563 291 4624 2)
306 4563 392 4614 Saldae
408 4563 434 4612 in
451 4561 502 4612 rita
518 4561 576 4612 Eur.
