3418 5356
862 452 925 515 110

300 631 451 698 fiuctibus
474 635 507 697 et
530 632 677 723 procellis
699 632 734 697 in
760 633 936 698 contrarias
960 636 1066 717 partes
1089 633 1202 698 misere
1217 634 1358 718 jactatur
1372 635 1414 720 ¹),
1432 633 1497 698 huc

299 738 378 803 illuc
403 737 581 804 fluctuabat
603 739 822 803 diversissimis
846 738 946 803 animi
966 739 1261 823 perturbationibus
1284 740 1442 805 obnoxius
1455 739 1494 826 2).

301 843 436 930 Oportet
459 849 565 910 autem
584 849 729 929 poetam,
752 849 789 909 ut
808 867 934 909 omnem
955 845 1127 924 artificem,
1148 847 1311 910 materiem
1323 846 1383 910 sibi
1404 845 1494 910 sub·

296 952 450 1035 jectam
478 952 576 1035 inque
605 972 674 1015 eam
697 951 865 1036 imperium
890 951 978 1014 velut
1002 951 1207 1016 dictatorium
1231 951 1365 1030 habere,
1389 952 1437 1015 ita
1458 952 1496 1015 ut

300 1058 341 1122 ad
365 1080 453 1122 suum
479 1057 646 1122 arbitrium
670 1079 739 1122 eam
764 1057 886 1142 fingere
910 1061 943 1121 et
967 1058 1165 1123 conformare
1184 1058 1295 1143 possit.
1320 1057 1368 1123 At
1385 1077 1495 1123 vereor

299 1185 341 1227 ne
376 1165 485 1227 noster
519 1162 580 1228 hac
614 1163 804 1228 auctoritate
839 1162 976 1228 caruerit
1008 1168 1040 1228 et
1070 1164 1105 1228 in
1135 1164 1241 1249 ipsum
1273 1164 1396 1249 potius,
1421 1161 1493 1229 cum

300 1273 366 1333 tam
409 1269 549 1334 incertus
590 1273 745 1354 penderet
785 1269 903 1348 animi,
944 1271 1090 1335 materies
1133 1270 1301 1355 imperium
1335 1270 1493 1335 habuerit.

300 1374 384 1442 Nam
423 1398 522 1460 quum
556 1378 702 1460 pergeret
736 1397 805 1440 eam
841 1397 879 1440 ex
914 1376 1055 1460 antiquis
1090 1376 1210 1462 mythis
1244 1377 1388 1460 haurire,
1423 1397 1494 1440 om-

301 1481 378 1546 niuo
421 1481 582 1566 expositus
617 1485 686 1546 erat
715 1480 882 1546 affectibus
917 1482 1012 1546 variis
1047 1503 1127 1566 quos
1162 1483 1336 1548 movebant
1369 1481 1495 1547 fabulae

300 1587 544 1672 mythologIcae.
580 1586 645 1652 Ubi
680 1587 779 1671 igitur
813 1587 859 1651 dii
894 1587 1034 1652 crudeles
1065 1592 1122 1652 aut
1150 1589 1293 1672 impuros
1324 1610 1357 1653 se
1387 1609 1494 1672 praes-

299 1694 415 1758 tabant
445 1714 512 1758 non
546 1696 673 1778 poterat
702 1694 780 1777 quin
812 1693 937 1778 probris
967 1715 1020 1758 eos
1054 1694 1219 1772 obrueret,
1252 1697 1326 1758 dum
1361 1696 1495 1758 'testare-

301 1803 354 1864 tur
377 1800 457 1865 tales
481 1801 555 1864 deos
579 1799 685 1864 nullos
704 1821 780 1864 esse.
812 1798 860 1864 At
880 1800 934 1864 ubi
956 1799 1085 1883 mythus
1101 1801 1205 1884 justos
1226 1800 1398 1865 exhibebat
1420 1801 1496 1864 deos

300 1905 444 1990 nullique
479 1904 654 1990 subjectos,
686 1905 768 1969 nihil
799 1904 968 1969 dubitabat
997 1905 1077 1990 quin
1110 1927 1163 1970 eos
1192 1905 1244 1989 pie
1267 1905 1441 1971 celebraret
1463 1907 1497 1970 et

298 2011 450 2075 laudaret.
478 2010 529 2075 Ita
552 2010 673 2075 factum
697 2014 745 2075 est
767 2010 861 2074 utin
884 2009 979 2075 huius
1003 2012 1156 2096 temporis
1175 2011 1292 2076 sabulis
1312 2011 1492 2077 nonsolum

298 2117 333 2181 in
356 2116 487 2182 diversis
512 2116 683 2201 tragoediis
707 2117 761 2180 sed
784 2116 881 2181 etiam
900 2116 935 2180 in
959 2117 1070 2181 iisdem
1092 2120 1128 2181 ut
1151 2117 1245 2184 Herc.
1268 2117 1288 2183 f.
1305 2119 1375 2185 lou.
1389 2116 1493 2183 Orest.

298 2222 369 2308 Iph.
399 2222 436 2287 Τ.
464 2223 513 2290 ΕΙ.
545 2207 612 2288 tarn
640 2223 820 2308 pugnantia
850 2223 1003 2308 legamus.
1039 2222 1149 2288 Solum
1172 2222 1358 2309 Supplicum
1382 2225 1494 2287 drama

297 2328 387 2392 nulla
409 2329 574 2413 impietate
596 2329 721 2414 flagrat.

344 2434 439 2499 Hanc
475 2435 684 2519 impotentem
717 2434 969 2500 inconstantiam
1008 2435 1078 2519 quis
1120 2434 1259 2519 probet?
1305 2435 1383 2510 Quis
1427 2456 1494 2500 non

299 2541 406 2606 doleat
443 2545 555 2626 poetae
594 2540 728 2606 defuisse
764 2541 865 2606 animi
896 2541 979 2619 vim,
1015 2543 1052 2605 ut
1085 2545 1154 2604 tota
1189 2563 1222 2605 rc
1259 2542 1385 2626 penitus
1420 2563 1493 2625 per·

299 2647 458 2730 vestigata
487 2647 732 2711 alterumutrum
761 2649 943 2711 constanter
978 2649 1183 2731 sequeretur?
1211 2645 1281 2712 Nec
1312 2654 1419 2712 tamen
1442 2646 1492 2710 id-

299 2753 384 2817 circo
411 2753 616 2817 statuendum
644 2754 790 2817 osteum
815 2757 920 2816 mente
941 2753 1093 2837 impium,
1116 2753 1229 2838 lingua
1252 2753 1359 2837 pium,
1384 2755 1493 2838 aperte

298 2858 469 2922 mentitum
493 2879 560 2922 esse
582 2860 615 2921 et
637 2857 812 2923 simulasse.
845 2856 907 2932 Qui
933 2859 1077 2923 omnium
1106 2859 1245 2923 maxime
1268 2859 1342 2923 deos
1365 2860 1494 2922 sanctos

299 2962 463 3028 habendos
487 2985 552 3027 esse
573 2965 714 3042 censuit,
737 2964 764 3029 is
788 2963 931 3049 profecto
955 2964 990 3027 iu
1015 2964 1150 3048 singulis
1174 2965 1327 3048 exemplis
1347 2963 1494 3048 justitiae

299 3051 493 3134 eciam‘ueos
513 3071 682 3155 populares
702 3070 822 3136 sincere
839 3071 968 3135 laudare
989 3071 1103 3156 potuit.
1128 3069 1210 3135 Tum
1231 3071 1334 3134 solum
1346 3069 1495 3134 Herculia

298 3177 360 3243 fur.
384 3180 609 3261 argumentum
633 3181 800 3263 tantopere
824 3177 889 3241 eius
914 3176 1121 3261 opinionibus
1140 3180 1300 3261 repugnat
1318 3178 1495 3240 utcorruat

300 3282 459 3348 sententia
483 3284 519 3347 in
543 3282 644 3367 ipsam
668 3282 810 3347 fabulam
829 3283 1049 3366 imprudenter
1068 3282 1197 3346 inserta.
1221 3280 1332 3366 Neque
1352 3284 1494 3346 veterum

299 3411 490 3474 quemquam
519 3389 608 3454 illam
637 3389 889 3455 inconstantiam
920 3388 1010 3473 quasi
1040 3388 1205 3453 mendacia
1234 3388 1284 3452 vel
1316 3387 1494 3452 simulatio-

299 3517 373 3560 nem
399 3497 527 3560 notasse
550 3495 774 3580 comperimus;
803 3493 1033 3579 Aristophanes
1057 3494 1170 3558 saltem
1194 3494 1258 3559 tale
1282 3494 1402 3560 crimen
1426 3516 1494 3559 non

299 3601 443 3687 attingit.
478 3601 618 3667 Accusat
652 3624 724 3666 eum
756 3601 926 3679 ἀσεβείαις,
959 3602 1045 3684 quod
1076 3624 1119 3665 an
1152 3601 1197 3665 dii
1218 3605 1324 3666 essent
1347 3601 1495 3666 dubitare

302 3708 475 3786 videretur;
509 3707 684 3772 cuiusmodi
707 3707 882 3772 sententias
905 3705 932 3769 si
957 3707 1130 3790 prudenter
1156 3707 1312 3772 omisisset
1335 3710 1367 3772 et
1391 3708 1494 3771 multo

303 3815 406 3900 igitur
436 3814 539 3898 magis
567 3813 747 3879 simulasset
773 3836 869 3898 quam
893 3833 978 3877 nunc
1002 3813 1191 3898 quibusdam
1214 3814 1357 3892 videtur,
1380 3813 1493 3898 procul

297 3920 394 3985 dubio
418 3918 558 4004 impunis
581 3919 741 3985 evasisset.

344 4025 406 4092 Sed
417 4025 504 4091 illius
516 4025 747 4110 discrepantiae
759 4025 837 4090 mihi
848 4025 1021 4109 aliquando
1033 4025 1142 4111 paullo
1155 4026 1279 4092 diversa
1290 4049 1386 4093 causa
1396 4027 1495 4096 fuisse

309 4169 487 4185 -ῇ-ο

331 4250 357 4316 l)
375 4249 474 4316 Optime
502 4251 637 4300 Mommsen
664 4266 702 4317 pg.
726 4250 785 4303 907:
814 4249 955 4316 nDerjeuige
980 4247 1105 4316 Unglaube
1128 4251 1229 4300 walcher
1250 4252 1293 4301 der
1316 4253 1497 4303 veraweiselude

297 4332 388 4382 Glaube
405 4332 450 4391 iat,
468 4333 535 4383 redet
550 4347 594 4382 aua
612 4333 701 4382 diesem
718 4331 818 4382 Dichter
834 4333 879 4382 mit
897 4333 1074 4382 daemoniroher
1092 4331 1209 4382 Gewalt’'.

330 4416 356 4478 2)
373 4416 463 4465 Nostra
477 4432 570 4481 quoque
585 4419 675 4474 aetate,
690 4431 751 4481 quae
766 4431 851 4478 magna
865 4432 893 4465 cx
908 4419 976 4481 parte
989 4415 1075 4465 similia
1089 4419 1125 4464 cat
1139 4431 1196 4465 aevo
1212 4416 1354 4481 Euripideo,
1370 4417 1442 4466 multi
1452 4418 1495 4466 ho·

297 4499 373 4549 mineo
390 4498 553 4559 inveniuntur,
571 4499 613 4563 qui
630 4497 717 4548 incerti
733 4501 758 4546 et
776 4498 829 4562 vagi
847 4499 918 4548 modo
936 4500 1012 4547 Deum
1030 4513 1079 4547 aare
1092 4499 1193 4548 creduut
1207 4499 1290 4547 mundi
1305 4500 1496 4560 moderatorem,

300 4582 371 4632 modo
387 4595 444 4632 raro
461 4596 516 4631 eum
532 4597 581 4631 erac
599 4585 711 4648 negantes
729 4581 808 4630 omnia
826 4584 918 4630 temera
931 4585 973 4632 ant
988 4581 1093 4632 naturali
1107 4583 1245 4632 necessitate
1259 4584 1386 4647 procedere
1399 4588 1497 4648 putant.
