3418 5356
835 459 898 523 106

265 643 349 728 sqq.)
373 641 577 709 vehementer
599 643 789 725 indignatur
811 645 897 728 quod
921 641 1057 728 Apollo,
1082 642 1137 727 qui
1161 641 1317 707 universis
1340 641 1462 708 scilieet

266 749 452 815 hominibus
486 750 590 815 omnis
621 750 702 835 juris
733 750 776 814 sit
810 749 946 826 arbiter,
978 749 1093 814 veteris
1124 749 1190 814 irae
1221 769 1342 814 memor
1372 748 1463 814 velut

267 854 363 920 homo
393 855 558 940 improbus
588 854 836 939 Neoptolemum
866 856 901 920 in
934 856 1005 941 ipsa
1027 855 1149 941 peceati
1172 855 1353 940 expiatione
1376 855 1461 921 oooi·

267 961 358 1026 derit.
394 960 520 1026 Orestes
554 961 589 1026 in
624 960 730 1046 Iphig.
764 961 860 1027 Taur.
893 961 972 1047 (570
997 962 1081 1047 sqq.)
1105 961 1265 1047 sapientes
1288 961 1360 1027 illos
1386 964 1461 1026 deos

266 1067 378 1133 avibus
400 1067 483 1131 nihil
505 1067 680 1132 veraciores
703 1089 768 1133 esse
793 1068 890 1146 dieit,
914 1088 1130 1152 magnamque
1152 1089 1220 1133 esse
1241 1067 1460 1134 confusionem

267 1172 302 1237 in
333 1173 427 1238 rebus
459 1172 574 1240 divinis
597 1173 818 1258 humanisque.
850 1174 890 1238 In
917 1173 1046 1239 Electra
1069 1174 1147 1259 (971
1172 1176 1234 1260 sq.)
1259 1173 1386 1240 Orestes
1409 1195 1461 1239 so·

267 1300 382 1363 rorque
404 1278 592 1364 intelligunt
610 1278 793 1364 Apollinem
813 1280 873 1344 sibi
894 1279 995 1345 seelus
1015 1280 1205 1365 imperasse,
1226 1302 1329 1365 nsque
1349 1303 1461 1367 quem-

268 1407 363 1469 quam
396 1385 571 1470 sapientem
602 1407 669 1450 esse
699 1407 791 1469 posse
814 1408 886 1451 eum
909 1386 965 1450 ille
987 1387 1104 1451 stultus
1130 1379 1188 1463 sit;
1212 1386 1274 1471 ipsi
1297 1386 1461 1467 Diosouri,

269 1490 325 1576 qui
354 1490 497 1576 proferto
532 1490 611 1556 seire
645 1495 781 1576 possunt
812 1492 888 1576 quid
918 1492 1021 1578 prosit
1050 1492 1125 1576 quid
1158 1514 1241 1570 non,
1274 1514 1347 1557 oum
1377 1493 1463 1558 ultra

270 1619 376 1682 quam
389 1618 433 1662 se
468 1598 579 1662 deceat
611 1597 761 1682 progredi
792 1598 917 1675 nolint,
949 1600 1110 1662 testantur
1138 1601 1246 1664 tamen
1279 1598 1461 1683 Apollinem

269 1703 414 1789 quamvis
435 1703 612 1788 sapientem
637 1724 703 1768 non
727 1704 887 1788 sapienter
910 1704 1120 1769 vaticinatum
1143 1726 1209 1769 esse
1223 1703 1258 1791 ¹).
1281 1702 1405 1770 Chorus
1427 1706 1460 1768 in

270 1810 384 1875 Troad.
418 1810 519 1895 (1097
552 1810 635 1896 sqq.)
659 1813 753 1894 rogat
775 1832 816 1874 an
841 1810 920 1875 Zeus
943 1810 1024 1875 nihil
1050 1812 1140 1875 ouret
1162 1810 1290 1876 Troiam
1315 1811 1461 1876 deletam.

271 1915 398 1982 Orestes
415 1916 450 1980 in
469 1915 655 2001 cognomini
674 1915 783 1980 fabula
798 1915 877 2001 (285
891 1919 975 2001 sqq.)
988 1915 1134 2002 Apollini
1146 1917 1258 2002 objicit
1269 1917 1353 2002 quod
1366 1939 1399 1982 se
1410 1917 1463 1981 in-

270 2022 424 2105 eligatum
444 2024 484 2086 ad
503 2022 660 2086 notionem
675 2021 926 2087 scelestissimam
939 2023 1042 2088 verbis
1055 2023 1236 2088 eousolatus
1248 2025 1330 2088 esset
1342 2044 1407 2087 non
1418 2045 1462 2088 re.

316 2126 433 2191 Etiam'
451 2127 562 2192 fabula
585 2127 645 2192 Ion
669 2127 810 2212 insignia
832 2127 928 2194 huius
951 2129 998 2193 rei
1021 2130 1166 2214 exempla
1188 2128 1326 2195 exhibet.
1345 2127 1464 2195 Creusa

271 2236 441 2318 antequam
464 2233 566 2297 filium
591 2233 695 2299 vivere
719 2233 890 2318 comperit,
914 2233 1117 2320 Apollinem,
1139 2259 1158 2300 a
1178 2257 1242 2320 quo
1262 2237 1376 2302 vitiata
1394 2235 1465 2302 fue-

270 2344 338 2416 rat,
374 2339 579 2423 reprehendit
614 2341 700 2425 quod
735 2362 806 2405 eum
839 2362 905 2406 non
936 2341 1110 2406 servaverit
1142 2343 1223 2424 (384
1254 2342 1347 2428 sqq).
1396 2342 1465 2419 Quo

270 2444 380 2511 audito
413 2447 473 2512 Ion
509 2445 601 2530 quasi
636 2446 857 2530 ludimagister
891 2446 1080 2532 discipulum
1094 2445 1120 2533 Β)
1154 2450 1247 2513 deum
1281 2451 1391 2512 mouet
1425 2470 1466 2512 ne

270 2551 387 2615 iterum
410 2550 509 2615 faeiat
531 2550 611 2635 (436
632 2553 734 2637 sqq.):
756 2553 929 2637 »quoniam
948 2553 1096 2618 dominus
1116 2575 1148 2618 es
1169 2554 1318 2618 virtutem
1341 2553 1408 2619 oole
1422 2555 1466 2640 ³);

272 2677 409 2741 namque
438 2656 559 2741 siquis
582 2657 763 2721 mortalium
788 2658 952 2741 improbus
976 2662 1040 2736 est,
1064 2659 1098 2723 in
1123 2682 1195 2724 eum
1215 2659 1309 2724 etiam
1330 2659 1376 2723 dii
1396 2659 1467 2724 ani·

272 2762 493 2837 madvertunt3
526 2763 685 2845 quomodo
716 2762 762 2826 fas
793 2784 860 2827 esse
892 2767 999 2847 potest
1028 2787 1102 2842 vos,
1134 2765 1186 2849 qui
1217 2764 1303 2849 leges
1325 2764 1467 2830 humano

272 2867 381 2952 generi
417 2866 649 2950 imposueritis,
680 2869 766 2951 ipsos
795 2889 847 2932 eas
871 2869 999 2934 violare.
1032 2869 1170 2946 Quodsi.
1187 2856 1214 2934 s.
1231 2921 1260 2937 ..
1285 2869 1468 2935 hominibus

272 2992 391 3055 poenas
411 2971 492 3036 detis
512 2972 633 3056 stupri,
652 2976 688 3036 tu
709 2978 741 3037 et
759 2972 929 3059 Neptunus
950 2979 982 3039 et
1000 2975 1128 3060 Jupiter
1148 2977 1268 3061 templa
1287 2981 1392 3042 vestra
1412 2999 1468 3041 ex·

272 3077 436 3154 hauriatis,
460 3077 545 3142 furta
567 3079 702 3161 pecunia
725 3073 925 3146 redimentes.
951 3080 1142 3165 Voluptates
1166 3082 1251 3146 enim
1273 3081 1357 3145 male
1376 3104 1468 3166 prae·

273 3183 392 3269 ponitis
411 3184 607 3268 prudentiae.
632 3184 743 3269 Neque
762 3185 908 3252 homines
927 3186 954 3252 si
975 3191 1104 3253 deorum
1122 3187 1201 3252 vitia
1212 3187 1381 3252 imitantur
1393 3187 1469 3252 mali

273 3294 350 3355 sunt
380 3291 530 3368 vocandi,
554 3293 609 3355 sed
631 3290 692 3374 ipsi
715 3293 822 3375 potius
845 3292 997 3358 scelerum
1022 3293 1056 3358 hi
1080 3294 1256 3360 auctores.''
1281 3293 1468 3359 Notandum

273 3398 321 3461 est
339 3395 420 3460 illud
440 3395 529 3462 »ἐπεὶ
551 3404 673 3474 κρατεῖς
694 3399 807 3477 ἀρετὰς
830 3398 951 3463 tloar.”
969 3398 1073 3484 Supra
1092 3400 1176 3465 euim
1198 3400 1334 3465 vidimus
1351 3400 1384 3464 in
1397 3399 1469 3464 reli-

274 3502 370 3588 gione
382 3500 502 3568 Graeca
514 3503 580 3567 deis
592 3505 723 3588 propter
733 3503 836 3588 ipsam
849 3507 1039 3589 potestatem
1052 3506 1177 3571 licuisse
1196 3527 1272 3571 oon
1283 3507 1361 3570 tem
1372 3527 1470 3570 nere

273 3608 441 3690 virtutem;
473 3609 646 3673 seeundum
678 3608 863 3694 Euripidem
893 3633 967 3677 vero
992 3614 1126 3675 naturae
1152 3611 1279 3676 divinae
1303 3610 1469 3695 proprium

274 3720 322 3780 est
345 3715 456 3780 virtus.
480 3713 527 3778 At
549 3715 727 3780 sententiae
750 3716 824 3780 illae
847 3716 1084 3801 philosophicae
1104 3739 1123 3781 a
1142 3718 1325 3802 tragoediae
1344 3717 1470 3781 ratione

273 3820 463 3897 abhorrent;
486 3826 682 3906 quapropter
705 3822 784 3887 lenis
808 3821 887 3888 haee
910 3822 997 3887 Ionis
1020 3822 1240 3907 reprehensio,
1265 3823 1305 3887 ad
1326 3842 1469 3887 eommo-

273 3927 409 3991 vendam
430 3926 529 3991 animi
547 3927 775 3992 conscientiam
795 3931 996 4013 comparata,
1020 3951 1070 3993 me
1087 3928 1195 4011 judice
1215 3928 1384 3992 maximam
1403 3927 1469 3992 vim

273 4033 370 4096 habet
400 4034 435 4097 in
460 4035 707 4099 demonstrando
732 4035 839 4100 animo
864 4038 975 4120 poetae
999 4056 1018 4099 a
1041 4035 1196 4119 religione
1219 4033 1367 4120 populari
1391 4032 1468 4099 alie·

308 4334 334 4397 1)
350 4349 383 4382 rs.
402 4333 480 4384 1245:
533 4331 623 4393 Φοῖβός
639 4346 669 4380 τι
688 4331 792 4392 Φοῖβις,
809 4329 871 4380 ἀλλ’
889 4328 951 4396 ἅναξ
968 4328 1018 4393 γάρ
1037 4326 1093 4378 ἦστ’
1112 4326 1185 4391 ἐμὸς,

533 4417 613 4478 σιγῶ·
633 4414 709 4476 σοφὸς
726 4410 749 4461 δ’
766 4411 798 4462 ea
816 4411 859 4463 ιιι
877 4411 973 4476 ’ἔχρησέ
991 4429 1030 4461 σοι
1048 4411 1123 4475 σοφά.

308 4499 333 4561 2)
350 4494 508 4556 νουθετητέος
526 4495 554 4546 δι’
572 4512 613 4558 μοι
631 4487 733 4557 tritior,
752 4511 818 4545 mox:
837 4495 872 4557 μὴ
892 4493 963 4558 cripe.

307 4582 334 4645 3)
356 4579 431 4631 ,ἀλλ’
449 4575 504 4629 tent
521 4580 620 4642 sparsis
639 4577 731 4640 ἀρετὰς
748 4575 844 4627 tiana?
