<?xml version="1.0" encoding="UTF-8"?>
<!DOCTYPE html PUBLIC "-//W3C//DTD XHTML 1.0 Transitional//EN"
    "http://www.w3.org/TR/xhtml1/DTD/xhtml1-transitional.dtd">
<html xmlns="http://www.w3.org/1999/xhtml" xml:lang="en" lang="en">
 <head>
  <title>
</title>
<meta http-equiv="Content-Type" content="text/html;charset=utf-8" />
  <meta name='ocr-system' content='tesseract 3.04.00' />
  <meta name='ocr-capabilities' content='ocr_page ocr_carea ocr_par ocr_line ocrx_word'/>
</head>
<body>
  <div class='ocr_page' id='page_1' title='image "./commentatiodeeu00berlgoog_0216.png"; bbox 0 0 3422 5362; ppageno 0'>
   <div class='ocr_carea' id='block_1_1' title="bbox 789 458 851 522">
    <p class='ocr_par' dir='ltr' id='par_1_1' title="bbox 789 458 851 522">
     <span class='ocr_line' id='line_1_1' title="bbox 789 458 851 522; baseline 0.032 -2"><span class='ocrx_word' id='word_1_1' title='bbox 789 458 851 522; x_wconf 84' lang='lat'><strong>201</strong></span> 
     </span>
    </p>
   </div>
   <div class='ocr_carea' id='block_1_2' title="bbox 223 639 1414 1788">
    <p class='ocr_par' dir='ltr' id='par_1_2' title="bbox 223 639 1414 1788">
     <span class='ocr_line' id='line_1_2' title="bbox 224 639 1412 728; baseline -0.002 -21"><span class='ocrx_word' id='word_1_2' title='bbox 224 639 410 726; x_wconf 76' lang='lat' dir='ltr'>popularem</span> <span class='ocrx_word' id='word_1_3' title='bbox 430 639 523 704; x_wconf 92' lang='lat' dir='ltr'><strong>solidi</strong></span> <span class='ocrx_word' id='word_1_4' title='bbox 542 639 715 726; x_wconf 75' lang='lat' dir='ltr'><strong>quidquam</strong></span> <span class='ocrx_word' id='word_1_5' title='bbox 735 643 912 706; x_wconf 90' lang='lat' dir='ltr'><strong>assecutam</strong></span> <span class='ocrx_word' id='word_1_6' title='bbox 933 663 998 707; x_wconf 89' lang='lat' dir='ltr'><strong>esso</strong></span> <span class='ocrx_word' id='word_1_7' title='bbox 1017 641 1044 707; x_wconf 90' lang='lat' dir='ltr'><strong>si</strong></span> <span class='ocrx_word' id='word_1_8' title='bbox 1063 639 1201 728; x_wconf 78' lang='lat' dir='ltr'><strong>excipias</strong></span> <span class='ocrx_word' id='word_1_9' title='bbox 1221 641 1412 706; x_wconf 88' lang='lat' dir='ltr'><strong>sententiam</strong></span> 
     </span>
     <span class='ocr_line' id='line_1_3' title="bbox 224 744 1412 833; baseline 0.003 -24"><span class='ocrx_word' id='word_1_10' title='bbox 224 745 262 810; x_wconf 90' lang='lat' dir='ltr'><strong>de</strong></span> <span class='ocrx_word' id='word_1_11' title='bbox 291 744 491 810; x_wconf 89' lang='lat' dir='ltr'><strong>initiatorum</strong></span> <span class='ocrx_word' id='word_1_12' title='bbox 519 745 701 812; x_wconf 89' lang='lat' dir='ltr'><strong>conditione</strong></span> <span class='ocrx_word' id='word_1_13' title='bbox 733 745 860 826; x_wconf 87' lang='lat' dir='ltr'><strong>futura,</strong></span> <span class='ocrx_word' id='word_1_14' title='bbox 890 769 993 833; x_wconf 88' lang='lat' dir='ltr'><strong>neque</strong></span> <span class='ocrx_word' id='word_1_15' title='bbox 1029 747 1215 812; x_wconf 77' lang='lat' dir='ltr'><strong>eruditiores</strong></span> <span class='ocrx_word' id='word_1_16' title='bbox 1250 747 1412 813; x_wconf 90' lang='lat' dir='ltr'><strong>communi</strong></span> 
     </span>
     <span class='ocr_line' id='line_1_4' title="bbox 223 851 1413 939; baseline 0 -22"><span class='ocrx_word' id='word_1_17' title='bbox 223 871 380 917; x_wconf 86' lang='lat' dir='ltr'><strong>consensu</strong></span> <span class='ocrx_word' id='word_1_18' title='bbox 403 851 442 916; x_wconf 91' lang='lat' dir='ltr'><strong>ad</strong></span> <span class='ocrx_word' id='word_1_19' title='bbox 466 873 551 917; x_wconf 88' lang='lat' dir='ltr'><strong>nova</strong></span> <span class='ocrx_word' id='word_1_20' title='bbox 573 853 754 919; x_wconf 74' lang='lat' dir='ltr'><strong>inclinasse.</strong></span> <span class='ocrx_word' id='word_1_21' title='bbox 778 853 915 919; x_wconf 87' lang='lat' dir='ltr'><strong>Restant</strong></span> <span class='ocrx_word' id='word_1_22' title='bbox 933 853 1109 918; x_wconf 88' lang='lat' dir='ltr'><strong>sentcntiae</strong></span> <span class='ocrx_word' id='word_1_23' title='bbox 1127 851 1413 939; x_wconf 80' lang='lat' dir='ltr'><strong>philosophorum3</strong></span> 
     </span>
     <span class='ocr_line' id='line_1_5' title="bbox 223 955 1413 1044; baseline -0.001 -21"><span class='ocrx_word' id='word_1_24' title='bbox 223 956 333 1023; x_wconf 87' lang='lat' dir='ltr'><strong>schola</strong></span> <span class='ocrx_word' id='word_1_25' title='bbox 344 956 566 1042; x_wconf 80' lang='lat' dir='ltr'><strong>Pythagorea,</strong></span> <span class='ocrx_word' id='word_1_26' title='bbox 583 958 649 1023; x_wconf 90' lang='lat' dir='ltr'><strong>sive</strong></span> <span class='ocrx_word' id='word_1_27' title='bbox 665 957 843 1044; x_wconf 80' lang='lat' dir='ltr'><strong>Aegyptios</strong></span> <span class='ocrx_word' id='word_1_28' title='bbox 855 957 919 1025; x_wconf 87' lang='lat' dir='ltr'><strong>sive</strong></span> <span class='ocrx_word' id='word_1_29' title='bbox 932 957 1083 1044; x_wconf 83' lang='lat' dir='ltr'><strong>mysteria</strong></span> <span class='ocrx_word' id='word_1_30' title='bbox 1095 957 1234 1044; x_wconf 80' lang='lat' dir='ltr'><strong>Orphica</strong></span> <span class='ocrx_word' id='word_1_31' title='bbox 1247 961 1354 1023; x_wconf 88' lang='lat' dir='ltr'><strong>secuta</strong></span> <span class='ocrx_word' id='word_1_32' title='bbox 1368 955 1413 1042; x_wconf 87' lang='lat'><strong>¹),</strong></span> 
     </span>
     <span class='ocr_line' id='line_1_6' title="bbox 224 1063 1414 1150; baseline 0 -22"><span class='ocrx_word' id='word_1_33' title='bbox 224 1063 335 1128; x_wconf 92' lang='lat' dir='ltr'><strong>docuit</strong></span> <span class='ocrx_word' id='word_1_34' title='bbox 355 1063 495 1127; x_wconf 87' lang='lat' dir='ltr'><strong>animam</strong></span> <span class='ocrx_word' id='word_1_35' title='bbox 519 1084 536 1127; x_wconf 95' lang='lat' dir='ltr'><strong>e</strong></span> <span class='ocrx_word' id='word_1_36' title='bbox 559 1064 626 1128; x_wconf 88' lang='lat' dir='ltr'><strong>vita</strong></span> <span class='ocrx_word' id='word_1_37' title='bbox 646 1063 830 1129; x_wconf 80' lang='lat' dir='ltr'><strong>sublimiore</strong></span> <span class='ocrx_word' id='word_1_38' title='bbox 849 1065 1009 1150; x_wconf 89' lang='lat' dir='ltr'><strong>delapsam</strong></span> <span class='ocrx_word' id='word_1_39' title='bbox 1030 1085 1160 1150; x_wconf 87' lang='lat' dir='ltr'><strong>corpore</strong></span> <span class='ocrx_word' id='word_1_40' title='bbox 1181 1064 1270 1130; x_wconf 90' lang='lat' dir='ltr'><strong>velut</strong></span> <span class='ocrx_word' id='word_1_41' title='bbox 1290 1085 1414 1128; x_wconf 88' lang='lat' dir='ltr'><strong>carcere</strong></span> 
     </span>
     <span class='ocr_line' id='line_1_7' title="bbox 224 1169 1414 1255; baseline 0.002 -21"><span class='ocrx_word' id='word_1_42' title='bbox 224 1169 379 1234; x_wconf 87' lang='lat' dir='ltr'><strong>inclusam</strong></span> <span class='ocrx_word' id='word_1_43' title='bbox 404 1190 487 1246; x_wconf 86' lang='lat' dir='ltr'><strong>esse,</strong></span> <span class='ocrx_word' id='word_1_44' title='bbox 510 1170 595 1234; x_wconf 89' lang='lat' dir='ltr'><strong>unde</strong></span> <span class='ocrx_word' id='word_1_45' title='bbox 618 1173 720 1234; x_wconf 84' lang='lat' dir='ltr'><strong>morte</strong></span> <span class='ocrx_word' id='word_1_46' title='bbox 743 1171 874 1235; x_wconf 79' lang='lat' dir='ltr'><strong>evolans</strong></span> <span class='ocrx_word' id='word_1_47' title='bbox 895 1171 930 1234; x_wconf 93' lang='lat' dir='ltr'><strong>in</strong></span> <span class='ocrx_word' id='word_1_48' title='bbox 950 1191 1083 1255; x_wconf 85' lang='lat' dir='ltr'><strong>corpora</strong></span> <span class='ocrx_word' id='word_1_49' title='bbox 1103 1171 1288 1236; x_wconf 88' lang='lat' dir='ltr'><strong>animalium</strong></span> <span class='ocrx_word' id='word_1_50' title='bbox 1307 1174 1414 1236; x_wconf 86' lang='lat' dir='ltr'><strong>trans-</strong></span> 
     </span>
     <span class='ocr_line' id='line_1_8' title="bbox 224 1275 1412 1362; baseline 0.001 -22"><span class='ocrx_word' id='word_1_51' title='bbox 224 1279 289 1353; x_wconf 90' lang='lat' dir='ltr'><strong>eat;</strong></span> <span class='ocrx_word' id='word_1_52' title='bbox 322 1277 408 1360; x_wconf 93' lang='lat' dir='ltr'><strong>quod</strong></span> <span class='ocrx_word' id='word_1_53' title='bbox 439 1278 556 1360; x_wconf 81' lang='lat' dir='ltr'><strong>dogma</strong></span> <span class='ocrx_word' id='word_1_54' title='bbox 587 1276 627 1341; x_wconf 88' lang='lat' dir='ltr'><strong>ab</strong></span> <span class='ocrx_word' id='word_1_55' title='bbox 651 1275 844 1362; x_wconf 80' lang='lat' dir='ltr'><strong>llmpcdocle</strong></span> <span class='ocrx_word' id='word_1_56' title='bbox 866 1281 1028 1362; x_wconf 88' lang='lat' dir='ltr'><strong>receptum</strong></span> <span class='ocrx_word' id='word_1_57' title='bbox 1051 1300 1070 1341; x_wconf 92' lang='lat' dir='ltr'><strong>a</strong></span> <span class='ocrx_word' id='word_1_58' title='bbox 1094 1277 1229 1342; x_wconf 89' lang='lat' dir='ltr'><strong>Platone</strong></span> <span class='ocrx_word' id='word_1_59' title='bbox 1252 1278 1412 1344; x_wconf 85' lang='lat' dir='ltr'><strong>excultum</strong></span> 
     </span>
     <span class='ocr_line' id='line_1_9' title="bbox 223 1382 1335 1469; baseline 0.003 -23"><span class='ocrx_word' id='word_1_60' title='bbox 223 1384 257 1446; x_wconf 88' lang='lat' dir='ltr'><strong>et</strong></span> <span class='ocrx_word' id='word_1_61' title='bbox 278 1385 406 1446; x_wconf 85' lang='lat' dir='ltr'><strong>auctum</strong></span> <span class='ocrx_word' id='word_1_62' title='bbox 431 1386 498 1458; x_wconf 84' lang='lat' dir='ltr'><strong>est,</strong></span> <span class='ocrx_word' id='word_1_63' title='bbox 521 1404 541 1446; x_wconf 93' lang='lat' dir='ltr'><strong>a</strong></span> <span class='ocrx_word' id='word_1_64' title='bbox 563 1383 704 1448; x_wconf 82' lang='lat' dir='ltr'><strong>Pindaro</strong></span> <span class='ocrx_word' id='word_1_65' title='bbox 723 1384 759 1448; x_wconf 93' lang='lat' dir='ltr'><strong>iu</strong></span> <span class='ocrx_word' id='word_1_66' title='bbox 782 1384 871 1469; x_wconf 89' lang='lat' dir='ltr'><strong>poesi</strong></span> <span class='ocrx_word' id='word_1_67' title='bbox 894 1383 1110 1468; x_wconf 85' lang='lat' dir='ltr'><strong>significatum</strong></span> <span class='ocrx_word' id='word_1_68' title='bbox 1135 1382 1267 1468; x_wconf 84' lang='lat' dir='ltr'><strong>(Thren.</strong></span> <span class='ocrx_word' id='word_1_69' title='bbox 1292 1386 1335 1463; x_wconf 87' lang='grc'><strong>4).</strong></span> 
     </span>
     <span class='ocr_line' id='line_1_10' title="bbox 269 1487 1414 1574; baseline 0.003 -22"><span class='ocrx_word' id='word_1_70' title='bbox 269 1487 451 1553; x_wconf 71' lang='lat' dir='ltr'><strong>Heraclitus</strong></span> <span class='ocrx_word' id='word_1_71' title='bbox 482 1509 549 1553; x_wconf 91' lang='lat' dir='ltr'><strong>non</strong></span> <span class='ocrx_word' id='word_1_72' title='bbox 572 1489 698 1574; x_wconf 92' lang='lat' dir='ltr'><strong>quidem</strong></span> <span class='ocrx_word' id='word_1_73' title='bbox 723 1491 973 1570; x_wconf 76' lang='grc' dir='ltr'><strong>μετεμψύχωσιν</strong></span> <span class='ocrx_word' id='word_1_74' title='bbox 997 1489 1122 1567; x_wconf 87' lang='lat' dir='ltr'><strong>docuit,</strong></span> <span class='ocrx_word' id='word_1_75' title='bbox 1146 1493 1290 1555; x_wconf 86' lang='lat' dir='ltr'><strong>attamen</strong></span> <span class='ocrx_word' id='word_1_76' title='bbox 1312 1491 1414 1570; x_wconf 86' lang='lat' dir='ltr'><strong>hauc,</strong></span> 
     </span>
     <span class='ocr_line' id='line_1_11' title="bbox 223 1594 1413 1682; baseline 0.003 -24"><span class='ocrx_word' id='word_1_77' title='bbox 223 1615 319 1680; x_wconf 91' lang='lat' dir='ltr'><strong>qnam</strong></span> <span class='ocrx_word' id='word_1_78' title='bbox 342 1594 488 1659; x_wconf 89' lang='lat' dir='ltr'><strong>homines</strong></span> <span class='ocrx_word' id='word_1_79' title='bbox 510 1595 608 1661; x_wconf 88' lang='lat' dir='ltr'><strong>vitam</strong></span> <span class='ocrx_word' id='word_1_80' title='bbox 633 1599 749 1662; x_wconf 89' lang='lat' dir='ltr'><strong>vocent</strong></span> <span class='ocrx_word' id='word_1_81' title='bbox 770 1596 878 1682; x_wconf 87' lang='lat' dir='ltr'><strong>potius</strong></span> <span class='ocrx_word' id='word_1_82' title='bbox 898 1597 1022 1661; x_wconf 88' lang='lat' dir='ltr'><strong>animae</strong></span> <span class='ocrx_word' id='word_1_83' title='bbox 1042 1599 1175 1660; x_wconf 90' lang='lat' dir='ltr'><strong>mortem</strong></span> <span class='ocrx_word' id='word_1_84' title='bbox 1196 1617 1263 1660; x_wconf 87' lang='lat' dir='ltr'><strong>esse</strong></span> <span class='ocrx_word' id='word_1_85' title='bbox 1282 1597 1413 1675; x_wconf 85' lang='lat' dir='ltr'><strong>statuit,</strong></span> 
     </span>
     <span class='ocr_line' id='line_1_12' title="bbox 223 1702 1413 1788; baseline 0.001 -23"><span class='ocrx_word' id='word_1_86' title='bbox 223 1705 334 1765; x_wconf 86' lang='lat' dir='ltr'><strong>contra</strong></span> <span class='ocrx_word' id='word_1_87' title='bbox 362 1722 459 1785; x_wconf 92' lang='lat' dir='ltr'><strong>quam</strong></span> <span class='ocrx_word' id='word_1_88' title='bbox 483 1705 619 1768; x_wconf 87' lang='lat' dir='ltr'><strong>mortem</strong></span> <span class='ocrx_word' id='word_1_89' title='bbox 641 1707 757 1769; x_wconf 89' lang='lat' dir='ltr'><strong>vocent</strong></span> <span class='ocrx_word' id='word_1_90' title='bbox 779 1703 846 1768; x_wconf 87' lang='lat' dir='ltr'><strong>eius</strong></span> <span class='ocrx_word' id='word_1_91' title='bbox 872 1704 980 1769; x_wconf 83' lang='lat' dir='ltr'><strong>vitam</strong></span> <span class='ocrx_word' id='word_1_92' title='bbox 1006 1702 1195 1788; x_wconf 83' lang='lat' dir='ltr'><strong>Physiologi</strong></span> <span class='ocrx_word' id='word_1_93' title='bbox 1218 1702 1348 1786; x_wconf 90' lang='lat' dir='ltr'><strong>quidam</strong></span> <span class='ocrx_word' id='word_1_94' title='bbox 1373 1705 1413 1766; x_wconf 88' lang='lat' dir='ltr'><strong>ad</strong></span> 
     </span>
    </p>
   </div>
   <div class='ocr_carea' id='block_1_3' title="bbox 97 1805 1414 1896">
    <p class='ocr_par' dir='ltr' id='par_1_3' title="bbox 97 1805 1414 1896">
     <span class='ocr_line' id='line_1_13' title="bbox 97 1805 1414 1896; baseline 0 -24"><span class='ocrx_word' id='word_1_95' title='bbox 97 1843 102 1852; x_wconf 80' lang='lat'><em>‚</em></span> <span class='ocrx_word' id='word_1_96' title='bbox 223 1806 307 1872; x_wconf 88' lang='lat' dir='ltr'><strong>solas</strong></span> <span class='ocrx_word' id='word_1_97' title='bbox 329 1805 415 1891; x_wconf 80' lang='lat' dir='ltr'><strong>leges</strong></span> <span class='ocrx_word' id='word_1_98' title='bbox 442 1807 591 1892; x_wconf 82' lang='lat' dir='ltr'><strong>physicas</strong></span> <span class='ocrx_word' id='word_1_99' title='bbox 616 1811 750 1874; x_wconf 89' lang='lat' dir='ltr'><strong>mortem</strong></span> <span class='ocrx_word' id='word_1_100' title='bbox 775 1810 978 1877; x_wconf 88' lang='lat' dir='ltr'><strong>revocabant.</strong></span> <span class='ocrx_word' id='word_1_101' title='bbox 1003 1809 1180 1896; x_wconf 82' lang='lat' dir='ltr'><strong>(Diogenes</strong></span> <span class='ocrx_word' id='word_1_102' title='bbox 1202 1807 1309 1893; x_wconf 79' lang='lat' dir='ltr'><strong>Apoll.</strong></span> <span class='ocrx_word' id='word_1_103' title='bbox 1334 1808 1414 1894; x_wconf 85' lang='lat' dir='ltr'><strong>Ilpi·</strong></span> 
     </span>
    </p>
   </div>
   <div class='ocr_carea' id='block_1_4' title="bbox 224 1911 1416 2312">
    <p class='ocr_par' dir='ltr' id='par_1_4' title="bbox 224 1911 1416 2215">
     <span class='ocr_line' id='line_1_14' title="bbox 224 1911 1416 2002; baseline 0.004 -26"><span class='ocrx_word' id='word_1_104' title='bbox 224 1911 372 1977; x_wconf 88' lang='lat' dir='ltr'><strong>charmus</strong></span> <span class='ocrx_word' id='word_1_105' title='bbox 402 1913 626 2002; x_wconf 85' lang='lat' dir='ltr'><strong>Democritus).</strong></span> <span class='ocrx_word' id='word_1_106' title='bbox 658 1917 804 1982; x_wconf 86' lang='lat' dir='ltr'><strong>Socrates</strong></span> <span class='ocrx_word' id='word_1_107' title='bbox 835 1917 980 1982; x_wconf 90' lang='lat' dir='ltr'><strong>universe</strong></span> <span class='ocrx_word' id='word_1_108' title='bbox 1007 1916 1191 1982; x_wconf 70' lang='lat' dir='ltr'><strong>declarabat</strong></span> <span class='ocrx_word' id='word_1_109' title='bbox 1213 1939 1246 1981; x_wconf 92' lang='lat' dir='ltr'><strong>se</strong></span> <span class='ocrx_word' id='word_1_110' title='bbox 1268 1917 1416 2001; x_wconf 80' lang='lat' dir='ltr'><strong>ignorare</strong></span> 
     </span>
     <span class='ocr_line' id='line_1_15' title="bbox 225 2020 1416 2103; baseline 0.003 -20"><span class='ocrx_word' id='word_1_111' title='bbox 225 2040 305 2103; x_wconf 87' lang='lat' dir='ltr'><strong>quae</strong></span> <span class='ocrx_word' id='word_1_112' title='bbox 325 2020 438 2085; x_wconf 91' lang='lat' dir='ltr'><strong>mortis</strong></span> <span class='ocrx_word' id='word_1_113' title='bbox 455 2021 498 2086; x_wconf 89' lang='lat' dir='ltr'><strong>sit</strong></span> <span class='ocrx_word' id='word_1_114' title='bbox 516 2021 599 2086; x_wconf 88' lang='lat' dir='ltr'><strong>ratio</strong></span> <span class='ocrx_word' id='word_1_115' title='bbox 608 2042 616 2099; x_wconf 95' lang='lat'>;</span> <span class='ocrx_word' id='word_1_116' title='bbox 638 2023 763 2088; x_wconf 90' lang='lat' dir='ltr'><strong>videtur</strong></span> <span class='ocrx_word' id='word_1_117' title='bbox 781 2025 890 2088; x_wconf 86' lang='lat' dir='ltr'><strong>tamen</strong></span> <span class='ocrx_word' id='word_1_118' title='bbox 909 2023 1064 2089; x_wconf 89' lang='lat' dir='ltr'><strong>censuisse</strong></span> <span class='ocrx_word' id='word_1_119' title='bbox 1076 2023 1111 2088; x_wconf 94' lang='lat' dir='ltr'><strong>in</strong></span> <span class='ocrx_word' id='word_1_120' title='bbox 1124 2026 1225 2088; x_wconf 90' lang='lat' dir='ltr'><strong>morte</strong></span> <span class='ocrx_word' id='word_1_121' title='bbox 1235 2023 1305 2088; x_wconf 87' lang='lat' dir='ltr'><strong>fieri</strong></span> <span class='ocrx_word' id='word_1_122' title='bbox 1316 2022 1416 2087; x_wconf 92' lang='lat' dir='ltr'><strong>animi</strong></span> 
     </span>
     <span class='ocr_line' id='line_1_16' title="bbox 224 2127 827 2215; baseline 0.007 -26"><span class='ocrx_word' id='word_1_123' title='bbox 224 2128 257 2189; x_wconf 92' lang='lat' dir='ltr'><strong>et</strong></span> <span class='ocrx_word' id='word_1_124' title='bbox 278 2127 420 2211; x_wconf 87' lang='lat' dir='ltr'><strong>corporis</strong></span> <span class='ocrx_word' id='word_1_125' title='bbox 442 2128 674 2212; x_wconf 86' lang='lat' dir='ltr'><strong>separationem</strong></span> <span class='ocrx_word' id='word_1_126' title='bbox 685 2128 721 2215; x_wconf 84' lang='lat'><strong>²).</strong></span> <span class='ocrx_word' id='word_1_127' title='bbox 818 2193 827 2214; x_wconf 65' lang='lat'>‚</span> 
     </span>
    </p>

    <p class='ocr_par' dir='ltr' id='par_1_5' title="bbox 877 2269 897 2312">
     <span class='ocr_line' id='line_1_17' title="bbox 877 2269 897 2312; baseline 0 0"><span class='ocrx_word' id='word_1_128' title='bbox 877 2269 897 2312; x_wconf 76' lang='lat' dir='ltr'><strong>e</strong></span> 
     </span>
    </p>
   </div>
   <div class='ocr_carea' id='block_1_5' title="bbox 747 2393 920 2406">
    <p class='ocr_par' dir='ltr' id='par_1_6' title="bbox 747 2393 920 2406">
     <span class='ocr_line' id='line_1_18' title="bbox 747 2393 920 2406; baseline 0.006 -1"><span class='ocrx_word' id='word_1_129' title='bbox 747 2393 920 2406; x_wconf 76' lang='lat' dir='ltr'>——n—-··&#39;</span> 
     </span>
    </p>
   </div>
   <div class='ocr_carea' id='block_1_6' title="bbox 684 2625 952 2712">
    <p class='ocr_par' dir='ltr' id='par_1_7' title="bbox 684 2625 952 2712">
     <span class='ocr_line' id='line_1_19' title="bbox 684 2625 952 2712; baseline 0.007 -2"><span class='ocrx_word' id='word_1_130' title='bbox 684 2625 872 2710; x_wconf 78' lang='lat' dir='ltr'><strong>CAPUT</strong></span> <span class='ocrx_word' id='word_1_131' title='bbox 894 2627 952 2712; x_wconf 89' lang='grc' dir='ltr'><strong>ΙΙ.</strong></span> 
     </span>
    </p>
   </div>
   <div class='ocr_carea' id='block_1_7' title="bbox 611 2857 1014 2910">
    <p class='ocr_par' dir='ltr' id='par_1_8' title="bbox 611 2857 1014 2910">
     <span class='ocr_line' id='line_1_20' title="bbox 611 2857 1014 2910; baseline 0.005 -2"><span class='ocrx_word' id='word_1_132' title='bbox 611 2857 799 2909; x_wconf 76' lang='lat' dir='ltr'>OPINIONES</span> <span class='ocrx_word' id='word_1_133' title='bbox 824 2858 1014 2910; x_wconf 82' lang='lat' dir='ltr'>EURIPIDIS.</span> 
     </span>
    </p>
   </div>
   <div class='ocr_carea' id='block_1_8' title="bbox 222 3024 1416 4178">
    <p class='ocr_par' dir='ltr' id='par_1_9' title="bbox 222 3024 1416 4178">
     <span class='ocr_line' id='line_1_21' title="bbox 269 3024 1414 3112; baseline 0.002 -21"><span class='ocrx_word' id='word_1_134' title='bbox 269 3024 321 3091; x_wconf 79' lang='lat' dir='ltr'><strong>Ad</strong></span> <span class='ocrx_word' id='word_1_135' title='bbox 341 3025 527 3112; x_wconf 79' lang='lat' dir='ltr'><strong>Euripidem</strong></span> <span class='ocrx_word' id='word_1_136' title='bbox 546 3030 678 3093; x_wconf 90' lang='lat' dir='ltr'><strong>ventum</strong></span> <span class='ocrx_word' id='word_1_137' title='bbox 698 3033 756 3094; x_wconf 83' lang='lat' dir='ltr'><strong>est.</strong></span> <span class='ocrx_word' id='word_1_138' title='bbox 777 3027 910 3095; x_wconf 84' lang='lat' dir='ltr'><strong>Silentio</strong></span> <span class='ocrx_word' id='word_1_139' title='bbox 922 3028 1219 3094; x_wconf 88' lang='lat' dir='ltr'><strong>transeamuslocos</strong></span> <span class='ocrx_word' id='word_1_140' title='bbox 1231 3049 1414 3093; x_wconf 90' lang='lat' dir='ltr'><strong>communes</strong></span> 
     </span>
     <span class='ocr_line' id='line_1_22' title="bbox 224 3131 1413 3220; baseline 0.003 -25"><span class='ocrx_word' id='word_1_141' title='bbox 224 3131 262 3196; x_wconf 91' lang='lat' dir='ltr'><strong>de</strong></span> <span class='ocrx_word' id='word_1_142' title='bbox 293 3133 405 3197; x_wconf 91' lang='lat' dir='ltr'><strong>mortis</strong></span> <span class='ocrx_word' id='word_1_143' title='bbox 435 3135 551 3197; x_wconf 83' lang='lat' dir='ltr'><strong>natura</strong></span> <span class='ocrx_word' id='word_1_144' title='bbox 581 3133 788 3213; x_wconf 84' lang='lat' dir='ltr'><strong>inexorabili,</strong></span> <span class='ocrx_word' id='word_1_145' title='bbox 811 3138 913 3220; x_wconf 90' lang='lat' dir='ltr'><strong>deque</strong></span> <span class='ocrx_word' id='word_1_146' title='bbox 937 3135 1003 3200; x_wconf 90' lang='lat' dir='ltr'><strong>eius</strong></span> <span class='ocrx_word' id='word_1_147' title='bbox 1026 3134 1147 3200; x_wconf 89' lang='lat' dir='ltr'><strong>invicta</strong></span> <span class='ocrx_word' id='word_1_148' title='bbox 1170 3134 1413 3220; x_wconf 82' lang='lat' dir='ltr'><strong>necessitate⁸)‚</strong></span> 
     </span>
     <span class='ocr_line' id='line_1_23' title="bbox 223 3239 1414 3325; baseline 0.001 -23"><span class='ocrx_word' id='word_1_149' title='bbox 223 3242 261 3303; x_wconf 94' lang='lat' dir='ltr'><strong>ut</strong></span> <span class='ocrx_word' id='word_1_150' title='bbox 290 3239 399 3303; x_wconf 86' lang='lat' dir='ltr'><strong>statim</strong></span> <span class='ocrx_word' id='word_1_151' title='bbox 427 3239 589 3304; x_wconf 90' lang='lat' dir='ltr'><strong>videamus</strong></span> <span class='ocrx_word' id='word_1_152' title='bbox 620 3241 696 3325; x_wconf 94' lang='lat' dir='ltr'><strong>quid</strong></span> <span class='ocrx_word' id='word_1_153' title='bbox 727 3241 756 3305; x_wconf 86' lang='lat' dir='ltr'><strong>ei</strong></span> <span class='ocrx_word' id='word_1_154' title='bbox 787 3241 825 3305; x_wconf 88' lang='lat' dir='ltr'><strong>de</strong></span> <span class='ocrx_word' id='word_1_155' title='bbox 857 3241 969 3306; x_wconf 87' lang='lat' dir='ltr'><strong>mortis</strong></span> <span class='ocrx_word' id='word_1_156' title='bbox 1001 3241 1125 3305; x_wconf 87' lang='lat' dir='ltr'><strong>ratione</strong></span> <span class='ocrx_word' id='word_1_157' title='bbox 1155 3239 1257 3304; x_wconf 87' lang='lat' dir='ltr'><strong>visum</strong></span> <span class='ocrx_word' id='word_1_158' title='bbox 1286 3239 1338 3306; x_wconf 88' lang='lat' dir='ltr'><strong>sit.</strong></span> <span class='ocrx_word' id='word_1_159' title='bbox 1374 3239 1414 3304; x_wconf 94' lang='lat' dir='ltr'><strong>In</strong></span> 
     </span>
     <span class='ocr_line' id='line_1_24' title="bbox 222 3345 1416 3432; baseline 0 -22"><span class='ocrx_word' id='word_1_160' title='bbox 222 3366 328 3410; x_wconf 89' lang='lat' dir='ltr'><strong>rerum</strong></span> <span class='ocrx_word' id='word_1_161' title='bbox 351 3345 563 3430; x_wconf 76' lang='lat' dir='ltr'><strong>explicatione</strong></span> <span class='ocrx_word' id='word_1_162' title='bbox 582 3345 769 3431; x_wconf 88' lang='lat' dir='ltr'><strong>plerumque</strong></span> <span class='ocrx_word' id='word_1_163' title='bbox 790 3347 937 3432; x_wconf 84' lang='lat' dir='ltr'><strong>vulgares</strong></span> <span class='ocrx_word' id='word_1_164' title='bbox 957 3347 1144 3412; x_wconf 86' lang='lat' dir='ltr'><strong>traditiones</strong></span> <span class='ocrx_word' id='word_1_165' title='bbox 1164 3346 1224 3411; x_wconf 94' lang='lat' dir='ltr'><strong>sibi</strong></span> <span class='ocrx_word' id='word_1_166' title='bbox 1244 3347 1416 3432; x_wconf 87' lang='lat' dir='ltr'><strong>assumpsit</strong></span> 
     </span>
     <span class='ocr_line' id='line_1_25' title="bbox 223 3451 1415 3538; baseline 0.003 -23"><span class='ocrx_word' id='word_1_167' title='bbox 223 3455 256 3515; x_wconf 89' lang='lat' dir='ltr'><strong>et</strong></span> <span class='ocrx_word' id='word_1_168' title='bbox 290 3451 386 3516; x_wconf 90' lang='lat' dir='ltr'><strong>etiam</strong></span> <span class='ocrx_word' id='word_1_169' title='bbox 418 3451 642 3536; x_wconf 84' lang='lat' dir='ltr'><strong>amplificavit,</strong></span> <span class='ocrx_word' id='word_1_170' title='bbox 675 3455 761 3537; x_wconf 90' lang='lat' dir='ltr'><strong>quod</strong></span> <span class='ocrx_word' id='word_1_171' title='bbox 786 3453 869 3517; x_wconf 89' lang='lat' dir='ltr'><strong>idem</strong></span> <span class='ocrx_word' id='word_1_172' title='bbox 891 3454 928 3518; x_wconf 94' lang='lat' dir='ltr'><strong>iu</strong></span> <span class='ocrx_word' id='word_1_173' title='bbox 951 3453 1018 3518; x_wconf 85' lang='lat' dir='ltr'><strong>cius</strong></span> <span class='ocrx_word' id='word_1_174' title='bbox 1038 3452 1243 3538; x_wconf 88' lang='lat' dir='ltr'><strong>opinionibus</strong></span> <span class='ocrx_word' id='word_1_175' title='bbox 1263 3452 1302 3516; x_wconf 94' lang='lat' dir='ltr'><strong>de</strong></span> <span class='ocrx_word' id='word_1_176' title='bbox 1321 3453 1415 3518; x_wconf 87' lang='lat' dir='ltr'><strong>rebus</strong></span> 
     </span>
     <span class='ocr_line' id='line_1_26' title="bbox 223 3557 1415 3625; baseline 0.003 -4"><span class='ocrx_word' id='word_1_177' title='bbox 223 3557 340 3621; x_wconf 89' lang='lat' dir='ltr'><strong>divinis</strong></span> <span class='ocrx_word' id='word_1_178' title='bbox 373 3557 620 3625; x_wconf 84' lang='lat' dir='ltr'><strong>observavimus.</strong></span> <span class='ocrx_word' id='word_1_179' title='bbox 664 3559 800 3624; x_wconf 85' lang='lat' dir='ltr'><strong>Alcestis</strong></span> <span class='ocrx_word' id='word_1_180' title='bbox 832 3559 987 3624; x_wconf 85' lang='lat' dir='ltr'><strong>Charonis</strong></span> <span class='ocrx_word' id='word_1_181' title='bbox 1019 3559 1194 3624; x_wconf 88' lang='lat' dir='ltr'><strong>ministerio</strong></span> <span class='ocrx_word' id='word_1_182' title='bbox 1226 3562 1266 3622; x_wconf 90' lang='lat' dir='ltr'><strong>ad</strong></span> <span class='ocrx_word' id='word_1_183' title='bbox 1296 3558 1415 3624; x_wconf 87' lang='lat' dir='ltr'><strong>inferos</strong></span> 
     </span>
     <span class='ocr_line' id='line_1_27' title="bbox 222 3663 1416 3751; baseline 0.003 -24"><span class='ocrx_word' id='word_1_184' title='bbox 222 3664 372 3741; x_wconf 81' lang='lat' dir='ltr'><strong>ducetur3</strong></span> <span class='ocrx_word' id='word_1_185' title='bbox 395 3663 578 3742; x_wconf 75' lang='lat' dir='ltr'><strong>Thenatas,</strong></span> <span class='ocrx_word' id='word_1_186' title='bbox 602 3666 692 3730; x_wconf 90' lang='lat' dir='ltr'><strong>cuius</strong></span> <span class='ocrx_word' id='word_1_187' title='bbox 715 3687 884 3750; x_wconf 90' lang='lat' dir='ltr'><strong>personam</strong></span> <span class='ocrx_word' id='word_1_188' title='bbox 911 3688 929 3730; x_wconf 90' lang='lat' dir='ltr'><strong>a</strong></span> <span class='ocrx_word' id='word_1_189' title='bbox 953 3665 1138 3751; x_wconf 83' lang='lat' dir='ltr'><strong>Phrynicho</strong></span> <span class='ocrx_word' id='word_1_190' title='bbox 1161 3667 1326 3730; x_wconf 90' lang='lat' dir='ltr'><strong>mutuatus</strong></span> <span class='ocrx_word' id='word_1_191' title='bbox 1350 3687 1416 3731; x_wconf 90' lang='lat' dir='ltr'><strong>esse</strong></span> 
     </span>
     <span class='ocr_line' id='line_1_28' title="bbox 222 3770 1414 3858; baseline 0.001 -23"><span class='ocrx_word' id='word_1_192' title='bbox 222 3770 348 3836; x_wconf 92' lang='lat' dir='ltr'><strong>videtur</strong></span> <span class='ocrx_word' id='word_1_193' title='bbox 367 3770 443 3852; x_wconf 90' lang='lat' dir='ltr'><strong>(vid.</strong></span> <span class='ocrx_word' id='word_1_194' title='bbox 465 3770 552 3837; x_wconf 86' lang='lat' dir='ltr'><strong>Serv.</strong></span> <span class='ocrx_word' id='word_1_195' title='bbox 572 3772 613 3836; x_wconf 93' lang='lat' dir='ltr'><strong>ad</strong></span> <span class='ocrx_word' id='word_1_196' title='bbox 636 3772 727 3858; x_wconf 85' lang='lat' dir='ltr'><strong>Virg.</strong></span> <span class='ocrx_word' id='word_1_197' title='bbox 747 3771 829 3837; x_wconf 80' lang='lat' dir='ltr'><strong>Aen.</strong></span> <span class='ocrx_word' id='word_1_198' title='bbox 851 3771 910 3839; x_wconf 88' lang='lat' dir='ltr'><strong>IV.</strong></span> <span class='ocrx_word' id='word_1_199' title='bbox 931 3772 996 3837; x_wconf 87' lang='lat'><strong>694</strong></span> <span class='ocrx_word' id='word_1_200' title='bbox 1016 3775 1048 3837; x_wconf 88' lang='lat' dir='ltr'><strong>et</strong></span> <span class='ocrx_word' id='word_1_201' title='bbox 1067 3770 1181 3838; x_wconf 82' lang='lat' dir='ltr'><strong>Nauck</strong></span> <span class='ocrx_word' id='word_1_202' title='bbox 1202 3770 1256 3837; x_wconf 84' lang='lat' dir='ltr'><strong>Gr.</strong></span> <span class='ocrx_word' id='word_1_203' title='bbox 1278 3773 1361 3856; x_wconf 80' lang='lat' dir='ltr'><strong>trag.</strong></span> <span class='ocrx_word' id='word_1_204' title='bbox 1375 3771 1414 3836; x_wconf 88' lang='lat' dir='ltr'><strong>fr.</strong></span> 
     </span>
     <span class='ocr_line' id='line_1_29' title="bbox 222 3877 1414 3963; baseline 0.003 -23"><span class='ocrx_word' id='word_1_205' title='bbox 222 3896 276 3963; x_wconf 80' lang='lat' dir='ltr'><strong>pg.</strong></span> <span class='ocrx_word' id='word_1_206' title='bbox 309 3877 408 3954; x_wconf 84' lang='lat'>558),</span> <span class='ocrx_word' id='word_1_207' title='bbox 432 3877 516 3962; x_wconf 91' lang='lat' dir='ltr'><strong>apud</strong></span> <span class='ocrx_word' id='word_1_208' title='bbox 541 3877 719 3963; x_wconf 88' lang='lat' dir='ltr'><strong>sepulcrum</strong></span> <span class='ocrx_word' id='word_1_209' title='bbox 743 3901 812 3943; x_wconf 91' lang='lat' dir='ltr'><strong>eam</strong></span> <span class='ocrx_word' id='word_1_210' title='bbox 837 3882 999 3963; x_wconf 88' lang='lat' dir='ltr'><strong>exspectat</strong></span> <span class='ocrx_word' id='word_1_211' title='bbox 1022 3883 1058 3943; x_wconf 86' lang='lat' dir='ltr'><strong>ut</strong></span> <span class='ocrx_word' id='word_1_212' title='bbox 1079 3877 1238 3963; x_wconf 86' lang='lat' dir='ltr'><strong>corripiat.</strong></span> <span class='ocrx_word' id='word_1_213' title='bbox 1263 3877 1414 3944; x_wconf 88' lang='lat' dir='ltr'><strong>Hecubae</strong></span> 
     </span>
     <span class='ocr_line' id='line_1_30' title="bbox 223 3983 1415 4071; baseline 0.003 -25"><span class='ocrx_word' id='word_1_214' title='bbox 223 3983 393 4048; x_wconf 87' lang='lat' dir='ltr'><strong>dormienti</strong></span> <span class='ocrx_word' id='word_1_215' title='bbox 412 3987 569 4068; x_wconf 88' lang='lat' dir='ltr'><strong>apparent</strong></span> <span class='ocrx_word' id='word_1_216' title='bbox 590 3985 740 4071; x_wconf 85' lang='lat' dir='ltr'><strong>Polydori</strong></span> <span class='ocrx_word' id='word_1_217' title='bbox 763 4007 889 4061; x_wconf 86' lang='lat' dir='ltr'><strong>manes;</strong></span> <span class='ocrx_word' id='word_1_218' title='bbox 913 3985 1034 4050; x_wconf 90' lang='lat' dir='ltr'><strong>Helena</strong></span> <span class='ocrx_word' id='word_1_219' title='bbox 1047 3990 1080 4050; x_wconf 89' lang='lat' dir='ltr'><strong>et</strong></span> <span class='ocrx_word' id='word_1_220' title='bbox 1091 3983 1254 4051; x_wconf 87' lang='lat' dir='ltr'><strong>Menelaus</strong></span> <span class='ocrx_word' id='word_1_221' title='bbox 1267 4007 1286 4048; x_wconf 89' lang='lat' dir='ltr'><strong>a</strong></span> <span class='ocrx_word' id='word_1_222' title='bbox 1298 3983 1415 4050; x_wconf 85' lang='lat' dir='ltr'><strong>Proteo</strong></span> 
     </span>
     <span class='ocr_line' id='line_1_31' title="bbox 222 4089 1414 4178; baseline 0.002 -24"><span class='ocrx_word' id='word_1_223' title='bbox 222 4091 348 4156; x_wconf 91' lang='lat' dir='ltr'><strong>mortuo</strong></span> <span class='ocrx_word' id='word_1_224' title='bbox 368 4089 523 4156; x_wconf 86' lang='lat' dir='ltr'><strong>auxilium</strong></span> <span class='ocrx_word' id='word_1_225' title='bbox 543 4095 673 4176; x_wconf 87' lang='lat' dir='ltr'><strong>petunt,</strong></span> <span class='ocrx_word' id='word_1_226' title='bbox 694 4097 726 4158; x_wconf 86' lang='lat' dir='ltr'><strong>et</strong></span> <span class='ocrx_word' id='word_1_227' title='bbox 746 4092 786 4157; x_wconf 92' lang='lat' dir='ltr'><strong>ab</strong></span> <span class='ocrx_word' id='word_1_228' title='bbox 807 4092 876 4178; x_wconf 87' lang='lat' dir='ltr'><strong>ipso</strong></span> <span class='ocrx_word' id='word_1_229' title='bbox 894 4091 1049 4171; x_wconf 89' lang='lat' dir='ltr'><strong>Plutone,</strong></span> <span class='ocrx_word' id='word_1_230' title='bbox 1063 4095 1227 4177; x_wconf 89' lang='lat' dir='ltr'><strong>tamquam</strong></span> <span class='ocrx_word' id='word_1_231' title='bbox 1239 4090 1414 4176; x_wconf 89' lang='lat' dir='ltr'><strong>praemium</strong></span> 
     </span>
    </p>
   </div>
   <div class='ocr_carea' id='block_1_9' title="bbox 224 4256 417 4266">
    <p class='ocr_par' dir='ltr' id='par_1_10' title="bbox 224 4256 417 4266">
     <span class='ocr_line' id='line_1_32' title="bbox 224 4256 417 4266; baseline -0.005 0"><span class='ocrx_word' id='word_1_232' title='bbox 224 4256 417 4266; x_wconf 44' lang='grc' dir='ltr'>..ι’-...ῳ</span> 
     </span>
    </p>
   </div>
   <div class='ocr_carea' id='block_1_10' title="bbox 222 4357 1413 4672">
    <p class='ocr_par' dir='ltr' id='par_1_11' title="bbox 257 4357 1035 4425">
     <span class='ocr_line' id='line_1_33' title="bbox 257 4357 1035 4425; baseline 0.001 -17"><span class='ocrx_word' id='word_1_233' title='bbox 257 4359 283 4420; x_wconf 86' lang='lat' dir='ltr'><strong>l)</strong></span> <span class='ocrx_word' id='word_1_234' title='bbox 300 4359 355 4410; x_wconf 85' lang='lat' dir='ltr'><strong>Vid.</strong></span> <span class='ocrx_word' id='word_1_235' title='bbox 373 4358 464 4410; x_wconf 83' lang='lat' dir='ltr'><strong>Herod.</strong></span> <span class='ocrx_word' id='word_1_236' title='bbox 484 4357 523 4408; x_wconf 91' lang='lat'><strong>11.</strong></span> <span class='ocrx_word' id='word_1_237' title='bbox 540 4373 560 4409; x_wconf 85' lang='lat' dir='ltr'><strong>c.</strong></span> <span class='ocrx_word' id='word_1_238' title='bbox 580 4359 644 4416; x_wconf 75' lang='lat'>12³,</span> <span class='ocrx_word' id='word_1_239' title='bbox 662 4358 726 4409; x_wconf 82' lang='lat' dir='ltr'><strong>Plat.</strong></span> <span class='ocrx_word' id='word_1_240' title='bbox 744 4358 810 4408; x_wconf 77' lang='lat' dir='ltr'><strong>Crat.</strong></span> <span class='ocrx_word' id='word_1_241' title='bbox 828 4373 867 4424; x_wconf 67' lang='lat' dir='ltr'><strong>pq,</strong></span> <span class='ocrx_word' id='word_1_242' title='bbox 885 4359 936 4409; x_wconf 80' lang='lat'><strong>400</strong></span> <span class='ocrx_word' id='word_1_243' title='bbox 954 4359 984 4410; x_wconf 88' lang='lat' dir='ltr'><strong>B.</strong></span> <span class='ocrx_word' id='word_1_244' title='bbox 1000 4374 1035 4425; x_wconf 81' lang='lat' dir='ltr'><strong>sq.</strong></span> 
     </span>
    </p>

    <p class='ocr_par' dir='ltr' id='par_1_12' title="bbox 256 4438 1131 4507">
     <span class='ocr_line' id='line_1_34' title="bbox 256 4438 1131 4507; baseline 0 -17"><span class='ocrx_word' id='word_1_245' title='bbox 256 4440 282 4500; x_wconf 79' lang='lat' dir='ltr'><strong>a)</strong></span> <span class='ocrx_word' id='word_1_246' title='bbox 297 4439 361 4491; x_wconf 82' lang='lat' dir='ltr'><strong>Plrt.</strong></span> <span class='ocrx_word' id='word_1_247' title='bbox 381 4439 449 4506; x_wconf 74' lang='lat' dir='ltr'><strong>Apol.</strong></span> <span class='ocrx_word' id='word_1_248' title='bbox 467 4455 507 4506; x_wconf 69' lang='lat' dir='ltr'><strong>pq.</strong></span> <span class='ocrx_word' id='word_1_249' title='bbox 525 4438 558 4488; x_wconf 84' lang='lat' dir='ltr'><strong>llll</strong></span> <span class='ocrx_word' id='word_1_250' title='bbox 575 4441 603 4498; x_wconf 79' lang='grc' dir='ltr'><strong>Δ,</strong></span> <span class='ocrx_word' id='word_1_251' title='bbox 622 4441 695 4504; x_wconf 75' lang='lat' dir='ltr'><strong>Gorg.</strong></span> <span class='ocrx_word' id='word_1_252' title='bbox 714 4455 752 4504; x_wconf 74' lang='lat' dir='ltr'><strong>pg.</strong></span> <span class='ocrx_word' id='word_1_253' title='bbox 773 4439 821 4490; x_wconf 77' lang='lat'><strong>524</strong></span> <span class='ocrx_word' id='word_1_254' title='bbox 843 4441 878 4500; x_wconf 85' lang='grc' dir='ltr'><strong>Β,</strong></span> <span class='ocrx_word' id='word_1_255' title='bbox 896 4440 985 4492; x_wconf 78' lang='lat' dir='ltr'><strong>Phucd.</strong></span> <span class='ocrx_word' id='word_1_256' title='bbox 1003 4456 1041 4507; x_wconf 76' lang='lat' dir='ltr'><strong>pg.</strong></span> <span class='ocrx_word' id='word_1_257' title='bbox 1060 4440 1131 4492; x_wconf 67' lang='lat' dir='ltr'><strong>MC.</strong></span> 
     </span>
    </p>

    <p class='ocr_par' dir='ltr' id='par_1_13' title="bbox 222 4519 1413 4672">
     <span class='ocr_line' id='line_1_35' title="bbox 255 4519 1413 4586; baseline 0.002 -14"><span class='ocrx_word' id='word_1_258' title='bbox 255 4521 283 4586; x_wconf 79' lang='lat'><strong>8)</strong></span> <span class='ocrx_word' id='word_1_259' title='bbox 302 4520 350 4572; x_wconf 76' lang='lat' dir='ltr'><strong>Alc</strong></span> <span class='ocrx_word' id='word_1_260' title='bbox 369 4522 411 4582; x_wconf 81' lang='lat' dir='ltr'><strong>tl,</strong></span> <span class='ocrx_word' id='word_1_261' title='bbox 431 4521 491 4580; x_wconf 81' lang='lat' dir='ltr'><strong>us,</strong></span> <span class='ocrx_word' id='word_1_262' title='bbox 508 4521 556 4570; x_wconf 81' lang='lat' dir='ltr'><strong>aas</strong></span> <span class='ocrx_word' id='word_1_263' title='bbox 574 4535 633 4585; x_wconf 74' lang='lat' dir='ltr'><strong>sqq,</strong></span> <span class='ocrx_word' id='word_1_264' title='bbox 652 4521 810 4572; x_wconf 74' lang='lat' dir='ltr'><strong>Andromach.</strong></span> <span class='ocrx_word' id='word_1_265' title='bbox 827 4519 890 4576; x_wconf 70' lang='lat'><strong>1271</strong></span> <span class='ocrx_word' id='word_1_266' title='bbox 906 4537 949 4586; x_wconf 71' lang='lat' dir='ltr'><strong>sq„</strong></span> <span class='ocrx_word' id='word_1_267' title='bbox 965 4522 1413 4586; x_wconf 52' lang='grc' dir='ltr'><strong>111111.47,Δος.11·.10,’1“εωοιί(1.</strong></span> 
     </span>
     <span class='ocr_line' id='line_1_36' title="bbox 222 4602 1107 4672; baseline 0.002 -18"><span class='ocrx_word' id='word_1_268' title='bbox 222 4604 251 4654; x_wconf 85' lang='lat' dir='ltr'><strong>lr.</strong></span> <span class='ocrx_word' id='word_1_269' title='bbox 270 4602 327 4657; x_wconf 75' lang='lat' dir='ltr'>III.</span> <span class='ocrx_word' id='word_1_270' title='bbox 347 4604 436 4654; x_wconf 80' lang='lat' dir='ltr'><strong>Mortis</strong></span> <span class='ocrx_word' id='word_1_271' title='bbox 454 4603 535 4654; x_wconf 76' lang='lat' dir='ltr'><strong>laudes</strong></span> <span class='ocrx_word' id='word_1_272' title='bbox 552 4606 576 4652; x_wconf 84' lang='lat' dir='ltr'><strong>ct</strong></span> <span class='ocrx_word' id='word_1_273' title='bbox 594 4603 781 4670; x_wconf 81' lang='lat' dir='ltr'><strong>vituperationes</strong></span> <span class='ocrx_word' id='word_1_274' title='bbox 799 4619 871 4670; x_wconf 84' lang='lat' dir='ltr'><strong>supra</strong></span> <span class='ocrx_word' id='word_1_275' title='bbox 889 4603 973 4670; x_wconf 78' lang='lat' dir='ltr'><strong>collegi</strong></span> <span class='ocrx_word' id='word_1_276' title='bbox 991 4621 1030 4672; x_wconf 76' lang='lat' dir='ltr'><strong>pg.</strong></span> <span class='ocrx_word' id='word_1_277' title='bbox 1051 4605 1107 4656; x_wconf 74' lang='lat'>134.</span> 
     </span>
    </p>
   </div>
   <div class='ocr_carea' id='block_1_11' title="bbox 0 0 1716 5362">
    <p class='ocr_par' dir='ltr' id='par_1_14' title="bbox 0 0 1716 5362">
     <span class='ocr_line' id='line_1_37' title="bbox 0 0 1716 5362; baseline 0 0"><span class='ocrx_word' id='word_1_278' title='bbox 0 0 1716 5362; x_wconf 95' lang='lat' dir='ltr'><strong> </strong></span> 
     </span>
    </p>
   </div>
  </div>
 </body>
</html>
