3422 5362
784 399 848 465 183

268 579 355 648 Haeo
384 583 492 648 omnia
521 581 572 648 rel
598 582 639 648 ab
662 581 887 669 Aristophanis
910 583 1114 670 opinionibus
1137 584 1219 650 nihil
1243 584 1405 651 differunt.

221 687 288 754 Neo
307 710 373 755 non
393 689 531 755 oomious
550 689 585 755 in
604 689 704 755 Ranis
724 691 835 757 laudat
852 713 1005 777 responsa
1023 694 1063 756 de
1082 691 1245 776 republica
1265 695 1406 758 anostro

220 794 313 872 data,
345 816 479 880 quorum
509 796 648 881 primum
671 795 733 861 hoo
755 797 795 862 ad
820 795 1018 863 Alcibiadem
1043 797 1196 862 transfert
1219 799 1262 884 (r.
1290 797 1405 882 1427):

219 901 272 966 odi
298 902 417 980 civem,
436 903 490 988 qui
510 903 619 968 tardus
638 907 687 968 est
709 906 749 968 ad
765 904 942 988 jurandam
963 904 1117 989 patriam,
1138 925 1211 968 aoer
1229 905 1270 968 ad
1288 924 1406 969 noeen-

218 1007 315 1086 dum;
333 1009 373 1073 ad
393 1031 486 1074 suum
506 1013 672 1094 quaestum
692 1013 821 1094 acutus,
835 1011 874 1076 ad
887 1009 1026 1076 civitatis
1037 1009 1202 1096 pinguis”‚
1217 1049 1256 1058 -—
1270 1009 1406 1076 alterum

218 1114 280 1180 hoo
308 1115 348 1180 ad
380 1115 518 1182 civitatis
540 1115 747 1182 Atheniensis
771 1119 890 1182 statum
914 1118 1051 1203 (1446):
1076 1117 1125 1182 »si
1147 1116 1269 1182 uiribus
1291 1117 1408 1202 quibus

218 1243 305 1288 nune
315 1222 524 1307 ooufidimus‚
537 1223 766 1302 diffideremus,
781 1223 959 1310 quibusque
973 1244 1041 1288 uou
1053 1224 1173 1288 utimur
1184 1222 1225 1288 iis
1237 1227 1407 1301 uteremur,

218 1329 351 1396 fortasse
372 1328 453 1396 salvi
475 1331 635 1396 essemus”
650 1333 684 1414 ¹).

264 1435 432 1521 Euripides
463 1457 539 1522 ergo
567 1436 658 1502 nullo
684 1438 780 1502 modo
802 1439 909 1522 partes
933 1436 1037 1522 plebis
1059 1436 1189 1502 infimae
1212 1438 1407 1523 demagogo·

219 1563 354 1628 rumque
384 1543 550 1608 andaoiniu
582 1542 791 1630 sequebatur,
824 1565 927 1628 neque
958 1543 1165 1630 conspirabat
1194 1565 1266 1609 oum
1297 1542 1407 1609 oohlo-

219 1649 320 1714 oraha
340 1671 422 1735 quae
444 1652 587 1717 vocatur.

263 1754 371 1832 Quid?
402 1778 480 1820 unm
511 1755 719 1842 oligarobiam
741 1756 881 1843 probans
905 1756 1061 1823 nobilium
1083 1755 1229 1843 partibus
1252 1756 1408 1840 asoriptns

218 1866 310 1930 erat?
343 1861 421 1930 Non
450 1863 559 1941 oredo;
597 1863 707 1929 videor
738 1863 817 1929 mibi
845 1863 959 1929 harum
983 1863 1242 1948 reprehensiones
1264 1862 1300 1927 iu
1322 1883 1407 1927 non-

218 1969 315 2036 nullis
344 1969 463 2036 fabulis
494 1970 609 2056 legare.
644 1969 684 2036 In
707 1969 817 2056 Suppl.
845 1970 931 2054 238,
955 1969 1010 2034 ubi
1032 1970 1118 2035 inter
1140 1969 1257 2035 uirium
1281 1969 1407 2034 ordines

219 2077 314 2164 primi
336 2084 565 2144 enumerantur
587 2075 780 2162 locupletes,
804 2075 870 2142 ait:

827 2199 853 2264 oi
878 2198 934 2276 μὲν
958 2196 1057 2278 ὄλβιοι

443 2307 672 2386 ἄναφελεῖς
696 2327 732 2370 τε
755 2304 901 2370 πλειόνων
924 2305 954 2368 τ’
979 2305 1062 2384 ἕρῶο’
1085 2303 1147 2372 ael.

263 2427 395 2494 Nobiles
428 2448 555 2512 quoque
588 2425 699 2511 prooul
735 2427 849 2503 dnbio,
885 2448 1000 2511 nempe
1034 2425 1149 2511 quibus
1177 2426 1407 2511 patrimonium

218 2535 405 2620 dissipatum
424 2537 510 2612 erat,
533 2531 729 2619 significavit
751 2533 801 2598 his
824 2533 919 2598 Hero.
943 2533 1005 2598 fur.
1031 2533 1172 2598 verubus
1195 2533 1308 2619 (588):

398 2657 532 2728 πολλοὺς
555 2654 703 2733 πένητας,
726 2655 893 2734 ὀλβίους
918 2655 957 2720 δὲ
980 2657 1029 2733 τῷ
1053 2653 1157 2734 λόγῳ

399 2764 621 2832 δοκοῦντας
645 2757 772 2840 εἶναι,
795 2759 986 2842 ξυμμάχους
1009 2759 1092 2838 ἄναξ
1115 2758 1195 2842 ἔχει,

398 2860 558 2933 olerdula
581 2865 690 2941 ἔθηκαν
714 2869 766 2932 καὶ
791 2869 941 2933 διώλεσαν
964 2866 1053 2932 πόλιν

399 2975 452 3056 ἐφ’
474 2973 652 3052 ἁρπαγαῖσι
675 2979 734 3038 τῶν
756 2975 869 3050 πέλας,
893 2975 935 3038 rai
960 2974 987 3039 δ’
1011 2975 1041 3038 ἐν
1064 2973 1167 3051 δόμοις

396 3079 565 3148 δαπάναισι
590 3079 709 3160 φροῦδα
733 3079 915 3160 διαφυγόνθ’
940 3079 995 3144 ὑπ’
1019 3078 1145 3158 ἀργίας.
1206 3109 1210 3116 =

216 3202 298 3268 'lum
321 3203 377 3290 qni
399 3206 466 3268 tem
489 3222 602 3288 parum
626 3200 787 3265 tribuebat
810 3201 995 3286 opulentiae
1019 3204 1051 3266 et
1074 3198 1200 3285 generis
1225 3198 1406 3278 nobilitati,

217 3309 272 3394 qui
302 3313 368 3375 tem
399 3310 483 3374 olare
506 3306 636 3373 videbat
659 3327 725 3372 non
749 3309 884 3372 eundem
908 3329 975 3372 esse
999 3307 1176 3392 sapientem
1199 3305 1316 3370 fortem
1336 3306 1406 3390 jus-

219 3419 307 3502 tnm,
331 3416 385 3502 qui
406 3413 522 3479 nobilis
541 3413 652 3479 situel
670 3413 759 3478 dives
778 3414 855 3499 (vid.
876 3434 932 3498 pg.
956 3412 1164 3498 172-175),
1184 3412 1212 3476 is
1232 3431 1406 3498 numquam

219 3521 385 3606 suffragari
421 3520 527 3605 potuit
560 3520 590 3585 ei
621 3519 719 3585 statui
751 3518 959 3604 reipublicae,
991 3519 1026 3584 in
1058 3539 1120 3602 quo
1151 3519 1237 3583 solus
1267 3518 1407 3584 nominis

220 3629 269 3694 rel
292 3626 361 3692 auri
383 3627 534 3714 splendor
556 3627 640 3690 viam
664 3626 705 3690 ad
728 3625 865 3691 honores
887 3624 995 3690 iaciat

265 3731 411 3798 Vidimus
443 3731 543 3818 igitur
575 3753 648 3796 eum
680 3731 809 3796 infimae
837 3753 914 3796 sane
936 3730 1023 3816 plebi
1045 3730 1202 3808 diffidere,
1226 3729 1280 3795 sed
1303 3729 1407 3794 multo

218 3840 320 3924 magis
344 3839 539 3924 demagogis.
575 3837 637 3902 Τδν
662 3839 756 3914 δημὸν
781 3859 855 3904 vero
880 3837 1011 3901 minime
1036 3837 1161 3916 oderat;
1186 3836 1280 3901 modo
1299 3856 1406 3901 oense-

217 3945 273 4011 bat
302 3946 476 4031 prudenter
507 3966 575 4010 esse
605 3944 850 4028 temperandum
881 3947 915 4007 et
945 3945 1121 4028 regendum
1151 3963 1253 4029 neque
1279 3962 1407 4007 omnem

218 4053 393 4137 potentiam
425 4051 454 4116 ei
482 4051 696 4117 tribuendam.
725 4048 797 4114 Vid
824 4047 998 4114 Plisthenis
1024 4048 1062 4114 fr.
1089 4048 1184 4135 (628)
1207 4050 1294 4133 apud
1316 4045 1405 4116 Stob.

218 4157 301 4244 (flor.
325 4159 376 4235 48,
402 4159 434 4244 1)
457 4160 633 4222 servatum:

254 4455 280 4516 1)
305 4455 434 4522 ignoratur
455 4453 541 4521 quibus
561 4470 575 4504 e
597 4453 683 4506 bbulis
706 4456 750 4506 has
773 4454 907 4506 ”nuntiae
924 4455 1014 4524 petitas
1031 4455 1080 4507 sint
1097 4457 1122 4506 et
1137 4469 1184 4522 quo
1199 4455 1348 4524 pertineam
1364 4473 1408 4524 ago

221 4536 420 4588 veridnrillimnrn
437 4537 497 4588 dnoo
514 4537 630 4588 oomienm
648 4554 686 4587 eas
702 4536 821 4586 arbitratu
837 4553 880 4588 suo
902 4543 1026 4606 araerptas
1042 4538 1067 4588 in
1085 4553 1152 4588 snam
1169 4553 1220 4590 ιοιιι
1236 4539 1341 4592 vertisse.
