3408 5360
808 459 849 524 35

279 643 330 710 dd
360 642 421 707 hoe
453 662 554 727 genus
577 641 720 705 omnium
746 641 812 706 eius
835 640 1015 705 fabularum
1040 639 1182 724 proxime
1206 638 1352 705 accedere
1375 638 1423 703 vi-

236 750 346 816 dentur
357 746 647 834 praestantissimae
659 746 840 830 tragoediae
853 746 964 834 Medea
975 750 1007 810 et
1017 745 1186 831 Iphigenia
1193 742 1423 832 Aulidensis¹);

236 855 287 922 sed
317 856 397 920 libet
427 853 506 918 mihi
531 854 565 918 id
589 853 673 938 quod
697 853 770 918 volo
794 853 856 918 alio
879 853 986 937 potius
1009 852 1168 917 illustrare
1189 851 1344 936 exemplo.
1375 850 1423 915 De

235 960 394 1046 Euripidis
425 959 553 1040 Electra
585 957 770 1024 Dindorfius
799 959 851 1045 (de
876 959 942 1024 vita
963 958 1041 1023 Eur.
1064 979 1119 1044 pg.
1144 959 1186 1022 20
1210 959 1270 1025 col.
1293 957 1324 1044 I)
1347 958 1425 1022 haec

235 1068 346 1133 habet:
378 1067 501 1130 »multo
532 1065 643 1130 mehor
668 1086 802 1130 evasura
824 1065 954 1142 fuisset,
977 1065 1004 1129 si
1025 1063 1194 1149 Euripides
1215 1063 1367 1148 Aeschyli
1389 1063 1425 1126 in

235 1171 430 1259 Ghoephoris
453 1175 508 1237 aut
530 1170 695 1257 Sophoclis
719 1171 755 1235 in
776 1170 904 1236 Electra
928 1172 1106 1255 exemplum
1131 1175 1257 1236 secutus
1273 1173 1425 1236 essetnec

235 1280 324 1345 noris
353 1280 426 1344 illos
455 1279 596 1344 inventis
626 1299 774 1362 superare
803 1277 893 1342 irrito
917 1281 1035 1343 conatu
1059 1277 1263 1342 studuisset.”
1293 1275 1424 1361 Inepte!

235 1386 361 1451 tartiam
392 1386 476 1451 enim
507 1385 667 1450 Electram
700 1385 762 1450 nisi
793 1406 921 1470 prorsus
952 1386 1108 1449 diversam
1140 1385 1235 1450 scribi
1257 1405 1324 1448 non
1346 1404 1426 1467 opus

235 1497 320 1569 erat;
340 1497 412 1556 tum
434 1491 618 1576 Euripides,
639 1511 720 1576 quae
739 1495 808 1556 erat
827 1492 893 1556 eius
911 1491 1034 1576 ingenii
1055 1489 1284 1575 discrepantia,
1297 1489 1426 1554 illorum

236 1599 369 1683 vestigia
399 1619 538 1682 premere
568 1619 608 1662 ne
631 1598 787 1682 potuisset
809 1597 947 1682 quidem.
972 1597 1060 1662 Haec
1083 1597 1247 1674 materies,
1271 1596 1333 1660 nisi
1355 1618 1426 1660 mu-

236 1707 320 1782 tata,
351 1705 419 1770 eins
451 1705 560 1770 Musae
591 1725 658 1768 non
684 1703 900 1769 conveniebat.
936 1702 970 1769 si
992 1707 1098 1768 antem
1121 1703 1169 1766 ita
1186 1705 1311 1767 mutare
1330 1702 1427 1766 susti·

238 1811 357 1876 unisset
375 1815 412 1875 ut
431 1811 557 1876 Orestes
578 1831 644 1875 non
664 1810 792 1895 abipso
814 1813 871 1875 deo
891 1809 1112 1894 potentissimo
1133 1812 1188 1874 sed
1200 1812 1256 1873 ant
1266 1809 1425 1874 insomnio

236 1920 292 1981 aut
313 1917 412 2002 patris
437 1918 549 1982 umbra
572 1918 612 1981 ad
635 1916 746 1980 matris
770 1915 896 1980 caedem
918 1915 1143 2000 instigaretur,
1167 1915 1234 1979 eins
1256 1914 1426 1999 trepidatio

236 2027 269 2087 et
299 2023 455 2088 dubitatio
487 2029 577 2102 anto,
608 2043 771 2108 augurque
795 2022 1006 2088 conscientiae
1025 2026 1098 2106 post
1116 2023 1334 2106 perpetratum
1358 2043 1426 2085 ma·

237 2128 396 2194 tricidium
408 2132 436 2216 ²)
459 2130 555 2194 etiam
572 2129 775 2194 torribiliores
798 2151 864 2194 osse
886 2133 918 2193 et
936 2129 1086 2213 justiores
1109 2128 1209 2193 videri
1231 2127 1427 2212 potuissent,

236 2238 270 2299 et
286 2235 347 2300 hoc
366 2236 459 2301 modo
478 2236 659 2301 institutam
676 2236 887 2320 praeclaram,
905 2234 1036 2319 opinor,
1056 2234 1249 2318 ingenioque
1265 2233 1426 2318 Euripidis

236 2342 566 2407 convenientissimam
590 2342 785 2426 tragoediam
811 2341 1013 2420 haberemus,
1034 2339 1259 2426 Shakeepearei
1282 2339 1424 2404 Hamleti

238 2469 355 2532 magna
376 2471 415 2513 ex
437 2453 527 2534 parte
550 2449 696 2514 similem.

282 2557 325 2617 At
346 2555 482 2620 vidimus
504 2554 688 2638 Euripidem
706 2554 741 2618 in
760 2553 862 2618 initiis
880 2553 956 2618 novi
975 2553 1098 2618 itineris
1116 2551 1312 2627 substitisse3
1333 2573 1424 2616 nam-

236 2682 296 2745 que
323 2662 391 2746 jam
417 2662 457 2726 ad
480 2661 558 2726 fines
581 2660 704 2745 ingenii
727 2659 852 2744 antiqui
863 2663 1051 2743 pervenerat
1064 2661 1109 2746 ³);
1124 2680 1190 2723 non
1212 2657 1315 2723 solum
1340 2659 1425 2724 enim

231 2867 294 2915 rung
314 2852 362 2900 und
378 2853 463 2902 darum
478 2852 544 2910 siud,
562 2867 637 2916 gagen
654 2850 815 2916 Shskespeere
834 2850 957 2914 gahaban,
977 2850 1103 2915 Aeschylos
1121 2849 1168 2899 und
1185 2849 1317 2916 Sopholrles
1334 2849 1426 2898 nuvell-

231 2931 356 2982 kommeue
383 2933 661 2998 Entwickelnugsstnien.
688 2933 768 2982 Allein
794 2933 837 2981 sris
859 2932 986 2997 Euripides
1008 2949 1033 2981 es
1056 2931 1214 2982 nuternimmt
1231 2932 1276 2981 deu
1296 2931 1426 2980 Meuschen

233 3015 392 3066 dsrauetellen
418 3017 461 3066 wie
484 3033 510 3066 er
533 3018 579 3074 ist,
601 3017 659 3081 liegt
682 3017 752 3065 darin
777 3016 846 3065 mehr
872 3015 910 3064 eiu
933 3014 1050 3078 logischer
1066 3015 1115 3063 und
1132 3014 1158 3063 in
1175 3014 1295 3079 geeiseem
1312 3014 1371 3062 Siun
1388 3013 1427 3062 ein

235 3098 431 3160 geschichtlicher
447 3100 483 3149 als
499 3100 537 3149 ein
556 3099 727 3150 dichterischer
748 3095 916 3147 romehritc’t

270 3183 297 3246 1)
321 3182 400 3232 Huius
421 3183 615 3242 fundamentum,
639 3179 777 3233 Calchantis
801 3180 935 3236 oraculum,
955 3185 1035 3228 temen
1051 3178 1150 3242 entique
1168 3177 1282 3242 religione
1299 3177 1387 3228 nititur
1403 3180 1429 3226 et

236 3263 399 3314 difficultatem
424 3265 499 3329 igitur
525 3264 629 3328 aliquem
651 3261 759 3330 praehet,
783 3277 865 3312 verum
889 3261 978 3326 optime
1002 3261 1089 3310 cedunt
1112 3260 1137 3309 in
1159 3259 1204 3308 hoe
1221 3259 1339 3310 recentius
1355 3275 1429 3324 genus

237 3347 341 3412 relique,
364 3347 389 3395 in
412 3345 497 3410 quibus
519 3345 692 3395 nobilissimum
713 3343 897 3408 Agamemnonis
918 3347 943 3391 et
970 3342 1106 3408 Iphigeniae
1132 3341 1278 3406 colloquium
1296 3356 1333 3392 me
1348 3340 1428 3404 judice

237 3428 403 3496 pulcherrimis
420 3427 543 3476 universae
560 3441 654 3492 poeseos
670 3427 769 3490 gemmis
787 3426 990 3475 adnumerandum
1007 3428 1050 3474 est.
1072 3424 1195 3488 Epilogus,
1214 3439 1285 3486 quem
1302 3423 1428 3481 habemus,

238 3512 345 3562 omnium
366 3525 481 3559 consensu
504 3509 600 3574 spurius
622 3511 667 3567 est;
691 3507 832 3572 quibusdam
853 3507 947 3557 videtur
964 3523 978 3556 a
995 3506 1045 3556 tilio
1062 3508 1090 3555 ut
1106 3504 1210 3554 fabulum
1228 3505 1326 3555 omnino
1342 3506 1430 3570 imper·

239 3597 323 3656 mem
343 3609 425 3644 muse
442 3592 628 3642 eoeommoderet
644 3589 750 3654 adjectus
766 3605 823 3640 sess.
840 3589 979 3655 quisdicat
996 3603 1053 3639 uum
1070 3587 1196 3650 Euripides
1213 3586 1291 3636 ullum
1308 3587 1429 3652 epilogum

239 3678 324 3728 addere
349 3675 512 3735 constituerit,
540 3676 575 3724 its
598 3677 625 3725 ut
649 3673 741 3724 fabulae
763 3675 835 3722 tinem
852 3673 939 3721 laceret
956 3670 1081 3736 Iphigenia
1096 3671 1126 3720 sd
1144 3673 1247 3721 mortem
1265 3669 1429 3734 proficiscens?

240 3760 322 3824 (quam
342 3759 459 3808 rationem
476 3756 606 3806 Schillerus
621 3771 715 3822 quoque
732 3754 861 3804 Teutonice
878 3756 986 3810 vertens,
1003 3757 1098 3802 ssentus
1114 3753 1171 3818 est).
1187 3752 1227 3802 Sic
1240 3751 1343 3800 similior
1357 3749 1430 3798 etiem

240 3845 299 3892 nse
323 3840 402 3891 isbnle
426 3837 595 3889 recentioribus
620 3837 757 3902 tragoediis.
781 3838 905 3902 Quantum
923 3851 936 3884 e
953 3837 1060 3884 veterum
1084 3834 1228 3884 testimoniis
1248 3832 1329 3898 colligi
1352 3834 1431 3897 petest

241 3924 312 3974 etiem
336 3923 482 3980 Alexander,
505 3921 668 3979 Andromeda,
685 3919 811 3969 Phaethon
828 3918 921 3969 fabulae
937 3917 978 3982 (de
994 3933 1097 3982 quorum
1114 3915 1260 3981 argumentis
1278 3933 1299 3965 s.
1318 3914 1431 3978 Diudori)

242 4006 369 4056 romantiee
383 4004 486 4069 scriptae
500 4006 575 4052 erent.
595 4002 615 4052 E
627 4001 775 4052 Phaethonte
784 4004 892 4067 superest
900 3999 1062 4065 pulcherrima
1071 4015 1146 4058 scene,
1156 4000 1182 4049 in
1190 4014 1237 4063 que
1241 3996 1337 4060 juveni
1345 4011 1431 4062 corpus

242 4089 337 4138 domum
351 4089 465 4144 effertur,
483 4087 565 4136 eodem
579 4085 694 4152 temperie
710 4089 830 4136 momento
847 4100 895 4149 quo
911 4098 926 4131 e
943 4084 1022 4133 Chore
1039 4085 1065 4133 in
1082 4083 1134 4132 eius
1149 4079 1297 4131 matrimonii
1313 4080 1387 4144 (qued
1403 4094 1431 4128 eo

243 4170 292 4237 ipro
309 4171 347 4220 die
363 4167 542 4228 instituebatur)
559 4169 674 4220 honorem
693 4169 845 4233 Hymenaeus
862 4169 979 4216 mutatur.

276 4252 304 4317 2)
329 4253 401 4302 Nune
425 4266 518 4316 quoque
542 4251 693 4301 vehementer
718 4249 811 4300 dubitet
827 4252 852 4298 et
869 4251 978 4314 pereetee
994 4247 1071 4298 caedis
1087 4261 1142 4297 eum
1161 4245 1228 4296 valde
1243 4244 1363 4310 poenitet,
1378 4257 1431 4292 eum

243 4337 338 4384 Orestes
359 4334 505 4399 Aeschylsus
526 4338 552 4384 et
575 4333 718 4400 Sophoclem
741 4332 804 4383 nibil
826 4331 876 4380 lere
899 4330 1021 4390 dubitent,
1048 4345 1090 4380 nec
1113 4331 1194 4392 postea
1210 4326 1306 4378 sceleris
1322 4325 1367 4376 sibi
1384 4325 1432 4376 sint

244 4433 336 4468 commi.

276 4501 304 4564 t)
322 4501 458 4550 Mommsen
480 4497 550 4549 ibid:
580 4499 643 4548 ‚Dee
669 4497 814 4564 griechischu
831 4495 982 4562 Treuerspiel
999 4493 1087 4544 sehritt
1102 4492 1147 4542 mit
1164 4492 1290 4559 Euripides
1308 4491 1365 4542 aber
1381 4489 1432 4540 sich

244 4579 319 4630 wlber
341 4583 426 4632 Eunus
451 4581 498 4630 und
523 4580 594 4630 brach
616 4580 666 4630 also
688 4595 833 4638 zusammem
853 4577 908 4628 eber
924 4579 965 4627 des
982 4575 1204 4640 eeltbdrgerlichan
1223 4575 1333 4625 Dichtere
1351 4571 1433 4636 Erlolg
