3418 5356
884 431 927 495 64

310 616 421 700 lapis
445 637 462 680 e
485 615 571 680 coelo
590 615 716 678 decidat
735 636 808 678 cnm
828 613 916 677 brevi
936 612 1072 696 fragore.
1094 609 1198 687 Quum
1219 613 1325 675 autem
1339 608 1499 694 Diogenes

312 722 348 788 L.
379 723 532 807 placitum
562 720 768 805 Euripideum
801 719 963 784 -solem
987 739 1053 783 esse
1075 716 1212 797 χρυσέαν
1231 717 1330 794 βῶλον
1361 753 1402 764 -
1428 714 1505 780 sub-

309 829 400 915 jiciat
423 832 457 894 ct
478 830 601 912 repetat
624 851 643 891 a
666 827 849 892 narratione
868 848 932 911 qua
952 825 1162 910 Anaxagoras
1181 823 1298 888 dicitur
1317 822 1432 907 lapidis
1451 842 1505 886 ca·

312 958 382 1000 snm
414 935 453 999 dc
483 935 548 999 sole
579 934 663 1018 apud
693 932 800 1018 Aegos
828 934 975 1017 potamos
1006 931 1199 1016 praedixisse
1210 929 1252 1014 ¹),
1279 926 1442 994 concludit
1466 925 1504 992 G.

312 1041 442 1107 vocibus
473 1039 592 1126 gructa
615 1040 706 1120 βώλῳ
730 1040 836 1124 potius
864 1041 1060 1124 juvenem
1091 1037 1372 1122 flagrantem,
1397 1033 1505 1099 deci-

313 1148 478 1211 dentem
510 1149 549 1211 de
581 1145 669 1212 coelo
696 1167 792 1230 quam
816 1145 945 1211 solem
969 1145 1139 1228 designari.
1164 1142 1231 1208 Nec
1251 1145 1359 1206 tamen
1384 1141 1505 1205 miran-

314 1253 389 1316 dum
420 1274 486 1316 esse
515 1253 599 1337 apud
622 1249 715 1336 Diog.
740 1251 869 1316 solem
892 1251 974 1335 legi,
998 1273 1093 1315 nam:
1118 1250 1174 1314 »in
1198 1250 1254 1313 der
1275 1246 1506 1332 Verflechtung

314 1359 399 1423 eines
423 1356 552 1422 solohen
577 1356 796 1442 Augenblicks
820 1359 874 1442 (sc.
900 1378 963 1442 quo
984 1355 1128 1441 Jupiter,
1150 1378 1192 1420 ne
1211 1355 1318 1420 omnia
1335 1354 1505 1418 misceren-

313 1468 383 1543 tur,
418 1464 528 1529 statim
553 1466 721 1550 juvenem,
752 1464 859 1528 solis
894 1486 1024 1528 munere
1054 1463 1241 1546 fungentem
1273 1460 1417 1526 fulminis
1439 1460 1507 1524 ictu

315 1570 510 1644 deturbavit)
534 1571 576 1635 ist
599 1592 631 1635 es
655 1571 910 1656 gleichlautend,
934 1571 975 1635 ob
996 1570 1045 1636 die
1066 1570 1174 1635 Sonne
1194 1570 1306 1646 selbst,
1330 1572 1425 1653 oder,
1438 1567 1506 1633 sich

314 1677 517 1742 absondernd
541 1698 604 1741 von
628 1675 696 1754 ihr,
717 1677 768 1740 ein
788 1677 928 1761 feuriger
948 1675 1233 1761 Metalllrlumpen,
1246 1679 1322 1740 oder
1334 1676 1389 1740 der
1401 1694 1505 1758 wage-

314 1783 437 1868 halsige
464 1782 587 1847 Fiihrer
610 1783 655 1847 als
679 1784 887 1848 entatindetes
910 1783 1032 1848 Metcor
1055 1783 1210 1848 herunter
1233 1784 1343 1846 sttirnt.
1382 1778 1508 1845 Hdchst

318 1890 532 1956 willlrommen
568 1892 685 1954 musste
719 1889 789 1953 dem
825 1889 1091 1974 hochgebildeten
1127 1887 1260 1953 Dichter
1290 1887 1389 1952 dieses
1412 1884 1507 1950 awei-

316 1994 445 2079 deutige
467 2015 612 2078 gewesen
636 1995 704 2058 sein
727 2017 781 2058 um
805 1995 890 2059 scine
913 1993 1162 2060 Naturweisheit
1180 1994 1250 2059 hier
1270 1991 1446 2078 eingreifen
1466 2014 1505 2056 au

314 2101 452 2165 lassen”.
483 2099 565 2164 Tum
595 2101 696 2165 relato
726 2101 910 2165 testimonio
939 2100 1121 2166 Aristotelis
1145 2100 1294 2186 (Meteor.
1320 2100 1343 2164 Ι.
1369 2101 1417 2178 8),
1442 2118 1506 2182 quo

315 2206 511 2291 Pythagorei
533 2206 680 2271 feruntur
703 2206 817 2272 dixisse
839 2207 873 2270 in
896 2206 1109 2273 Phaethontis
1128 2207 1261 2271 interitu
1278 2206 1401 2291 lapides
1419 2204 1506 2268 deci-

317 2313 416 2390 disse,
452 2313 557 2377 addit:
593 2313 752 2378 »Hieraus
783 2313 907 2397 ergiebt
939 2313 1006 2378 sich
1031 2315 1133 2392 denn,
1157 2317 1231 2378 dasa
1254 2313 1305 2376 dic
1327 2310 1427 2376 Alten
1451 2311 1508 2375 das

177 2445 179 2450 ¹
317 2417 534 2484 Niederfallen
564 2420 619 2484 der
650 2419 874 2484 Meteorsteine
906 2420 1064 2485 durchaus
1091 2420 1150 2486 mit
1173 2424 1245 2485 dem
1269 2418 1380 2486 Sturae
1402 2418 1506 2483 Phae-

317 2525 414 2590 thons
448 2525 481 2589 in
518 2524 759 2611 Verlrniipfnng
790 2525 928 2610 gedacht
962 2526 1100 2592 haben”.
1132 2525 1201 2603 Qua
1232 2527 1415 2611 conjectura
1446 2543 1506 2608 ego

317 2632 444 2717 quidem
476 2632 693 2716 quaestionem
724 2633 860 2696 solutam
884 2654 951 2698 esse
975 2654 1041 2697 non
1066 2636 1275 2716 contendam,
1301 2655 1377 2697 nam
1401 2633 1509 2715 potest

317 2732 424 2822 rogari
443 2737 499 2821 qui
517 2737 636 2801 factum
656 2738 716 2814 sit,
736 2739 763 2801 si
779 2759 888 2802 revera
898 2738 954 2802 illa
966 2759 1028 2802 vox
1038 2739 1073 2803 in
1086 2739 1287 2805 Phaethonte
1298 2738 1408 2803 fabula
1419 2739 1507 2823 lege-

317 2848 422 2922 retur,
446 2847 482 2907 ut
502 2842 689 2907 scholiastae
709 2865 803 2927 supra
824 2845 868 2928 (p.
891 2845 931 2908 61
954 2845 1015 2930 sq.)
1032 2845 1199 2909 memorati
1218 2845 1251 2909 id
1270 2866 1336 2909 non
1349 2845 1508 2920 viderint3

318 2952 372 3013 sed
399 2953 507 3012 tamen
539 2949 713 3032 disputatio
745 2970 868 3014 summo
891 2950 960 3014 viro
984 2972 1050 3015 non
1073 2951 1224 3035 indigna,
1250 2954 1290 3015 ad
1314 2974 1410 3036 quam
1434 2950 1508 3035 phi·

318 3056 417 3140 lologi
441 3077 507 3119 non
527 3054 603 3120 satis
623 3055 795 3130 attendisse
815 3055 982 3134 videntur,
1003 3057 1038 3120 in
1057 3060 1162 3142 partes
1174 3060 1317 3122 vocanda
1329 3056 1507 3122 videbatur.

318 3163 400 3228 Rem
431 3163 599 3226 decernere
631 3162 776 3246 equidem
808 3183 874 3226 non
906 3163 1016 3228 audeo.
1040 3163 1101 3230 Sed
1124 3165 1188 3229 sive
1211 3164 1379 3250 Euripides
1402 3164 1508 3228 Phac-

318 3269 465 3333 thontem
495 3269 585 3353 quasi
615 3268 751 3366 lapidem
784 3269 823 3333 de
856 3270 920 3334 sole
952 3270 1148 3335 decidentem
1180 3271 1246 3336 sive
1275 3271 1382 3355 ipsum
1408 3269 1508 3334 solem

318 3375 445 3440 vocavit
475 3376 611 3454 χρυσέαν
642 3375 758 3454 βῶλον,
790 3396 857 3440 non
887 3376 957 3440 ideo
982 3378 1192 3442 necessarium
1216 3381 1294 3461 puto
1317 3379 1350 3441 id
1374 3379 1414 3441 ad
1439 3399 1508 3441 ma-

319 3481 412 3566 gistri
431 3481 654 3546 auctoritatem
673 3502 837 3559 revocare,
850 3482 901 3547 cui
913 3483 1011 3546 solem
1022 3483 1144 3568 placuit
1155 3505 1223 3548 esse
1234 3485 1342 3563 μύδρον
1354 3483 1507 3562 διάπυρον.

319 3587 395 3681 Non
418 3589 503 3653 enim
525 3588 609 3652 idem
633 3591 696 3666 est;
721 3588 782 3653 hoc
806 3588 968 3672 significat
998 3589 1180 3675 lapidem
1210 3591 1396 3676 ignenm3
1428 3591 1509 3655 illud

319 3695 482 3780 glebam
517 3717 693 3760 auream.
726 3694 815 3760 Haeo
845 3695 1002 3760 vocabula
1033 3717 1091 3782 pro
1120 3697 1185 3762 illis
1216 3699 1339 3782 poetice
1362 3697 1510 3782 usurpari

320 3802 460 3885 potuisse
479 3800 621 3886 profecto
639 3822 706 3865 non
726 3801 869 3886 negabo,
889 3804 943 3866 sed
963 3822 1042 3886 rogo
1063 3825 1140 3867 num
1164 3825 1289 3869 necesse
1308 3804 1350 3868 sit
1370 3806 1511 3868 statuere

320 3930 429 3972 revera
447 3909 493 3971 ita
512 3907 608 3971 fuisse
627 3911 789 3992 usurpata.
809 3907 928 3973 Nonne
947 3912 1059 3992 poetae
1080 3912 1213 3974 naturae
1233 3932 1337 3975 rerum
1356 3909 1510 3988 studioso,

321 4035 419 4098 quum
451 4014 549 4079 solem
572 4015 843 4100 contemplaretur
866 4013 930 4099 (vel
953 4013 1090 4098 lapidem
1114 4017 1389 4101 »meteorioum'’),
1414 4018 1510 4082 etiam

321 4121 389 4185 sine
412 4120 633 4206 philosophiae
656 4121 772 4187 auxilio
795 4121 879 4186 idem
903 4121 1011 4187 animo
1035 4143 1199 4188 occurrere
1222 4127 1281 4209 pot
1304 4124 1352 4188 ’tf

366 4332 456 4398 Inter
478 4332 691 4399 Phaethontis
712 4333 829 4419 fragm.
854 4339 1018 4420 praeterea
1041 4336 1080 4401 de
1104 4336 1169 4402 sole
1192 4337 1346 4422 leguntur
1369 4337 1424 4402 alii
1448 4337 1512 4404 duo

359 4576 386 4641 1)
403 4574 445 4624 Ait
463 4574 541 4624 cuim:
559 4573 627 4624 ὅθεν
644 4572 687 4623 καὶ
703 4571 757 4636 Εὐρ.
775 4584 880 4636 aaa,
898 4575 947 4626 vid.
965 4591 1003 4641 pg.
1022 4576 1061 4626 59.
