3408 5360
809 484 829 548 9

268 665 388 731 Aeolus
419 670 452 731 et
482 665 595 730 Peleus
626 671 697 731 acta
727 669 805 731 sunt
834 670 909 731 ante
932 665 982 731 01.
1009 667 1083 744 89,l
1109 666 1184 750 quia
1209 665 1242 728 in
1267 664 1418 732 Nubibus
1434 678 1484 727 422

222 770 486 858 respiciuntur1).
511 771 711 838 Stheneboea
734 776 767 837 et
790 773 929 838 Theseus
948 776 1024 837 ante
1044 771 1095 837 Ol.
1108 773 1185 850 8112
1198 772 1274 856 quia
1285 771 1418 856 quibus·
1435 791 1485 842 422

223 881 297 943 dam
320 875 499 964 Vesperum
524 878 602 943 locis
625 878 929 963 2222212122221).

270 983 452 1068 Melanippa
475 984 601 1070 sapiens
624 987 699 1050 ante
723 984 773 1052 Ol.
787 986 863 1062 92,1
892 988 927 1050 ut
949 985 1066 1050 docent
1084 983 1416 1068 Lysistrataet'lhes-
1434 1002 1484 1051 421

226 1090 485 1175 mophoriaausae
498 1092 532 1168 ³).

271 1195 317 1260 De
352 1195 535 1280 Melanippo
569 1196 688 1274 altera,
721 1196 900 1274 δεσμώτιδι,
933 1196 1015 1260 nihil
1044 1195 1191 1260 traditur.
1224 1195 1272 1260 At
1295 1195 1348 1260 rix
1371 1217 1421 1260 me

224 1307 318 1366 teneo
341 1301 421 1387 quin
446 1301 484 1366 de
507 1323 544 1366 22
567 1303 783 1386 conjecturam
806 1305 970 1388 temptem.
987 1301 1172 1367 Athenaeus
1184 1301 1276 1380 (XVI
1287 1323 1341 1386 pg.
1356 1303 1422 1366 613

226 1408 266 1474 Ι).
290 1409 351 1494 sq.)
375 1429 413 1473 ex
437 1430 474 1472 22
497 1408 637 1473 servavit
659 1408 754 1474 hosce
779 1432 886 1474 versus
911 1409 963 1494 (fr.
989 1408 1054 1474 495
1079 1409 1164 1492 apud
1185 1408 1355 1493 Dindorf):

406 1514 516 1596 ἀνδρῶν
542 1514 573 1580 δὲ
597 1515 706 1579 πολλοὶ
730 1522 784 1580 τοῦ
811 1517 948 1594 γέλωτος
972 1515 1080 1580 οὕνεκα

405 1622 533 1686 ἆσιιοῦσι
556 1621 693 1703 χάριτας
720 1621 903 1700 κερτόμους·
928 1621 989 1700 ἐγὼ
1012 1621 1044 1686 δέ
1070 1645 1133 1694 ποις

405 1734 484 1806 μισῦ
508 1729 665 1811 γελοίους,
690 1725 795 1798 οἵτινες
819 1730 921 1808 σοφῶν
946 1727 1012 1808 πίρι

405 1832 538 1912 ἀχάλιν’
564 1831 670 1917 ἔχουσι
696 1834 864 1918 στόματα,
888 1835 950 1906 κείς
976 1835 1086 1914 ἀνδρῶν
1111 1835 1169 1910 μὲν
1191 1834 1225 1900 οῦ

407 1945 546 2005 τελοῦσιν
569 1941 713 2020 οίριίμδν,
741 1941 771 2004 ε’ν
796 1941 912 2018 γέλωτι
936 1941 1125 2020 δἐῦπρεπεῖς

406 2048 534 2112 οἰκοῦσιν
558 2045 654 2119 clusor
679 2052 731 2112 ιια1
755 2049 797 2112 πιὶ
822 2049 1073 2122 ναυστολούμενα

406 2153 465 2218 ico
487 2152 585 2232 δίμυν
609 2153 745 2235 σώζουσι.

272 2259 359 2324 Η222
391 2259 489 2326 22212
519 2261 572 2325 rix
603 2260 638 2324 in
673 2261 810 2344 aliquem
836 2261 940 2325 locum
964 2281 1036 2324 2222
1060 2258 1217 2341 tragicum
1240 2257 1423 2322 22122221-

225 2366 351 2448 dentur,
383 2366 494 2450 itaque
524 2366 603 2430 mihi
634 2369 712 2430 22212
743 2371 791 2432 est
813 2366 950 2450 suspicio
975 2364 1149 2450 significari
1171 2363 1424 2447 Aristophanem

223 2473 351 2556 eiusque
372 2475 464 2558 jocos
487 2495 559 2537 cum
583 2473 762 2538 liberrimus
788 2477 856 2537 turn
882 2494 975 2556 saepe
997 2470 1177 2537 illiberales.
1203 2469 1291 2534 Ante
1314 2470 1424 2534 omnia

225 2600 271 2644 22.
312 2579 332 2642 2
368 2582 401 2643 et
430 2579 451 2642 3
483 2579 576 2643 nobis
611 2579 805 2663 persuadent
838 2583 941 2644 totum
976 2579 1082 2642 locum
1118 2576 1269 2641 memoria
1303 2577 1424 2640 recenti

226 2685 371 2769 propriae
395 2684 606 2750 contumeliae
629 2707 697 2751 esse
710 2686 960 2770 suppeditatum.
984 2683 1154 2768 Euripides
1166 2683 1273 2769 palam
1284 2682 1423 2747 iuterro-

225 2793 321 2873 gatus
351 2791 429 2874 quid
461 2791 500 2854 de
532 2790 750 2876 Aristophane
783 2791 917 2856 sentiret
946 2812 1011 2855 non
1036 2790 1140 2868 aliter,
1163 2790 1289 2874 opinor,
1312 2789 1423 2872 loque·

224 2899 328 2972 retur;
364 2896 484 2980 optime
519 2897 628 2962 omnia
661 2898 697 2961 in
733 2898 889 2963 comicum
925 2899 1096 2982 quadrant.
1133 2895 1232 2960 Nulla
1262 2895 1424 2960 comoedia

223 3001 462 3087 Aristophanes
497 3003 588 3068 21222
623 3006 690 3067 tam
726 3004 860 3068 ridicule
890 3004 925 3068 in
956 3024 1052 3068 scena
1084 2999 1225 3086 agitatus
1256 3006 1304 3066 est
1328 3023 1423 3086 quam

223 3106 579 3192 Thesmophoriaausis;
604 3131 720 3193 nempe
739 3111 861 3174 ceterae
882 3109 1063 3174 comoediae
1076 3111 1115 3172 ad
1129 3107 1310 3191 tragoedias
1324 3107 1424 3191 magis

224 3235 322 3299 quarn
347 3235 418 3279 eum
442 3215 547 3298 ipsum
572 3215 778 3280 deridendum
804 3215 998 3300 compositae
1022 3218 1098 3280 sunt
1125 3219 1147 3299 ).

270 3319 374 3396 Quare
399 3343 419 3384 a
443 3321 576 3386 veritate
598 3344 663 3388 non
684 3321 819 3386 multum
841 3321 919 3385 mihi
938 3322 1084 3386 aberrare
1095 3321 1204 3386 uideor
1215 3319 1422 3405 Melanippen

225 3427 376 3502 δεσμῦτιν
406 3429 551 3491 statuens
585 3427 674 3492 brevi
705 3432 779 3512 post
808 3427 1153 3512 Thesmophoriazusas
1183 3426 1204 3489 i.
1218 3446 1244 3490 2.
1269 3424 1320 3491 Ol.
1347 3427 1488 3504 92,1411
1557 3441 1563 3452 ’

225 3553 339 3598 scenae
361 3555 429 3598 esse
451 3554 663 3599 commissam.

225 3784 275 3832 snit
304 3783 399 3834 disertis
424 3784 502 3835 2221212
527 3787 575 3835 122
600 3787 710 3836 dramata
734 3788 850 3852 distingui
871 3788 927 3852 jure
949 3788 1085 3838 1221222211.
1111 3789 1206 3838 Cressae
1229 3793 1308 3838 2212222
1326 3789 1422 3838 aliunde

226 3867 337 3916 norimus
350 3871 404 3916 22212
422 3867 462 3918 01.
481 3869 539 3928 813
557 3869 582 3918 12
597 3885 690 3918 scenam
708 3871 832 3935 prodiisse,
849 3887 880 3920 so.
899 3872 938 3920 01.
958 3872 1014 3930 853
1032 3871 1086 3920 2112
1103 3889 1141 3936 pg.
1162 3873 1191 3919 15
1217 3872 1242 3921 81
1260 3873 1422 3922 22222212122
1438 3879 1487 3928 425
1521 3881 1571 3928 438

225 3947 299 3998 schol.
318 3948 433 4014 scripturn
452 3954 487 3999 221
505 3957 603 4016 apparet
622 3952 752 4017 'l'hyestem
769 3969 864 4019 quoque
883 3954 1045 4004 Acbaruenses
1061 3955 1227 4012 antecessissef
1243 3953 1332 4018 alioqui
1351 3956 1424 4020 serip-

225 4035 268 4080 122
284 4030 394 4081 12111222
411 4047 459 4081 non
477 4033 600 4097 potuisset.

262 4113 289 4176 1)
307 4113 384 4162 Schol.
408 4113 433 4162 in
457 4113 520 4162 Nub.
547 4113 624 4166 18712
653 4119 802 4177 σημειοῦπαι
826 4114 853 4165 δδ
877 4119 921 4166 πδν
939 4115 1069 4180 Εὐριπίδου
1087 4115 1176 4168 Α’ίολσν
1193 4128 1282 4168 ιι.π.λ.
1300 4120 1326 4170 iu
1344 4122 1420 4173 1154:

225 4197 295 4256 παρὸ
314 4197 348 4244 σὺ
366 4193 393 4246 trs
411 4195 516 4254 Πηλέως
534 4195 672 4258 Εῦριπίδσν.

261 4279 289 4342 2)
307 4278 384 4330 Sebol.
402 4278 428 4328 in
447 4279 518 4344 Vesp.
539 4281 597 4330 lll:
618 4283 685 4342 παρδι
705 4283 740 4330 ‘rh
759 4279 890 4342 Εῦριπίδου
909 4279 937 4332 ia
953 4283 1108 4346 Σθενεβοίας,
1125 4283 1155 4332 cl.
1171 4283 1242 4332 schol.
1259 4285 1284 4333 in
1300 4301 1332 4334 22.
1346 4287 1422 4344 loom

224 4361 256 4410 sd
276 4359 345 4424 Vcsp.
363 4377 385 4410 2.
404 4359 497 4410 21221
515 4363 591 4423 λόγος
608 4357 637 4410 is
656 4361 758 4422 Θυσίας
776 4361 913 4425 Εῦριπιδου.

261 4443 289 4502 8)
307 4441 378 4492 Schol
411 4441 436 4490 in
460 4443 515 4505 hys.
535 4443 600 4492 1125
618 4443 630 4492 δ
648 4444 743 4507 στίχος
760 4441 788 4494 ia
807 4449 887 4508 σοφῆς
904 4447 1068 4504 Μελανίππης
1085 4443 1222 4507 Είιριπίδσυ.
1240 4448 1382 4516 'l'besuioph
1400 4467 1422 4500 2.

226 4523 290 4574 5472
310 4523 475 4581 Μελανίππας
493 4529 566 4572 ποιῶν
585 4524 693 4588 Φαίδρας
711 4543 748 4576 τι.
1218 4557 1222 4564 ·

260 4606 291 4668 4)
309 4604 432 4664 unnim,
450 4604 605 4668 Phoenissae,
622 4609 670 4660 duo
688 4609 866 4668 Aeolosiconcs,
885 4612 1009 4678 l'rosgon,
1029 4610 1196 4666 dchsruensss.
