3418 5356
772 423 818 500 ’ὣ

201 616 391 682 serrandum
413 618 462 681 est
484 613 688 680 Aristotelem
711 617 904 680 senteutiam
927 613 1059 680 relatam
1085 636 1151 681 non
1174 615 1236 700 ipsi
1261 618 1389 680 Anaxa·

203 744 298 810 gorae
310 722 464 788 ascribere
475 722 530 787 sed
542 728 605 793 τοῖς
618 720 684 800 περ)
700 720 759 808 Ἀ.,
773 721 794 787 i.
807 743 833 789 e.
846 721 973 787 scholae
985 722 1225 807 Anaxagoreae.
1235 721 1391 787 Videmur

202 830 301 915 igitur
334 850 427 915 posse
461 827 648 894 concludere
683 849 755 892 eum
787 831 843 894 aut
874 828 1038 912 ignorasse
1068 828 1120 892 cui
1149 826 1276 913 proprie
1309 830 1392 893 esset

203 935 406 1014 ascribenda,
425 939 481 1000 aut
499 934 682 1019 Euripidem
700 935 803 999 solum
822 937 980 1019 spectasse
1001 935 1106 999 eiusre
1118 934 1389 1019 condiscipulum,

203 1064 297 1130 quem
324 1046 421 1128 poeta
449 1063 590 1128 quoque,
621 1040 740 1126 placito
770 1044 811 1106 ad
839 1041 973 1106 formam
997 1040 1221 1126 simpliciorem
1243 1041 1388 1119 redacto,

204 1149 300 1215 luerit
320 1151 456 1214 secutus.

248 1253 401 1341 Reliquae
431 1255 627 1333 sententiae,
657 1256 698 1320 ad
728 1277 833 1321 rerum
862 1259 1009 1320 naturam
1032 1253 1268 1340 quodammodo
1290 1253 1389 1339 perti·

205 1365 332 1440 nentes,
364 1361 453 1427 velut
480 1363 519 1426 de
542 1360 621 1426 coeli
644 1361 739 1427 variis
762 1360 1005 1446 tempestatibus
1028 1381 1100 1426 oum
1125 1359 1390 1425 vitaehumanae
1427 1410 1431 1422 .

204 1467 327 1533 casibus
349 1467 611 1553 comparamur.
637 1467 734 1553 332),
759 1467 797 1532 de
820 1468 971 1552 temperie
990 1466 1070 1532 coeli
1090 1465 1202 1532 Graeci
1222 1466 1277 1553 (fr.
1291 1467 1391 1552 971),

204 1575 421 1642 (lamensium
445 1596 578 1640 nomem
601 1576 636 1640 iu
659 1597 753 1661 quem
776 1575 872 1641 horae
894 1575 1129 1640 distribuuntur
1153 1574 1204 1661 (fr.
1230 1576 1328 1662 980),
1353 1578 1392 1640 de
1461 1627 1465 1634 .

204 1685 289 1747 astro
320 1681 467 1748 Lucifero
498 1681 551 1769 (fr.
584 1683 663 1770 999)
700 1682 833 1748 leviores
857 1685 890 1748 et
912 1681 1111 1767 vulgatiores
1134 1686 1212 1747 suut
1235 1704 1332 1767 quam
1355 1685 1393 1747 ut

205 1790 367 1855 materiem
390 1789 616 1874 &mutationis
638 1789 789 1874 praebere
812 1789 937 1874 possint
950 1786 987 1875 1).

661 2335 848 2420 CAPUT
880 2335 933 2419 V.

300 2564 500 2618 conensem.
527 2565 714 2618 coelumne
738 2565 891 2618 numme
918 2567 1075 2617 SOHOLAE
1099 2565 1284 2617 smenon.

248 2733 344 2800 Hisce
366 2734 522 2800 absolutis
544 2738 645 2800 restat
666 2739 704 2800 ut
726 2735 873 2802 conlecta
894 2737 1020 2801 ratione
1043 2735 1231 2802 concludam
1254 2734 1330 2820 quid
1354 2736 1394 2799 de

204 2844 273 2906 tota
293 2862 328 2906 re
350 2841 557 2906 statuendum
580 2841 736 2908 sidentem.

248 2947 289 3012 Iu
319 2947 539 3014 examinandis
563 2948 729 3014 sententiis
752 2947 932 3034 Euripidcis
957 2949 1126 3015 adrerum
1149 2951 1298 3013 naturam
1320 2969 1393 3033 per-

204 3053 381 3119 tinentibus
405 3053 689 3138 comparandisque
713 3076 785 3119 cum
808 3054 1071 3140 philosophorum
1091 3054 1234 3139 placitis,
1255 3054 1392 3138 primum

205 3159 340 3225 vidimus
370 3160 589 3225 testimouium
616 3160 715 3238 illud,
739 3161 825 3246 quod
848 3162 1039 3245 quibusdam
1053 3161 1268 3246 comprobare
1291 3160 1394 3224 risum

204 3266 247 3330 sit
269 3268 397 3350 poetam
421 3287 531 3331 omnes
554 3266 716 3331 doctrinas
739 3265 937 3351 Anaxagora
962 3267 1083 3351 priores
1105 3266 1290 3351 repudiare,
1322 3264 1395 3329 nul-

204 3370 264 3437 lius
294 3372 359 3437 fere
392 3393 460 3436 esse
483 3372 593 3456 pretii;
626 3375 695 3436 tum
716 3373 801 3438 iuter
824 3374 1039 3459 praeceptoris
1063 3375 1216 3457 dogmata
1237 3371 1393 3457 quaedam

204 3477 342 3542 inveniri
363 3478 591 3561 congruentia,
613 3479 668 3543 sed
687 3478 851 3544 nonnullis
868 3480 905 3544 in
921 3479 1015 3544 rebus
1027 3483 1093 3544 tam
1106 3478 1236 3543 dubiam
1250 3482 1282 3542 et
1292 3477 1394 3543 lesem

205 3605 270 3649 csse
300 3585 466 3667 utriusque
496 3584 753 3662 consensionem,
785 3590 822 3650 ut
852 3585 973 3650 nemini
999 3586 1034 3650 iu
1059 3588 1198 3650 mentem
1223 3587 1393 3649 venturum

206 3689 317 3756 fuisset
334 3689 547 3774 Anaxagoran
563 3690 725 3768 conferre,
748 3690 809 3756 nisi
829 3695 956 3777 poetam
977 3713 1048 3756 eum
1070 3691 1227 3756 audiuisse
1240 3690 1395 3754 maditum

207 3799 299 3861 essct.
319 3794 479 3872 Quaedam
504 3796 618 3862 deiude
635 3797 754 3882 injuria
772 3800 813 3862 ad
833 3819 939 3862 rerum
961 3799 1109 3862 naturam
1121 3798 1223 3862 relata
1235 3797 1341 3882 potius
1353 3797 1395 3860 ad

206 3924 256 3968 res
278 3903 418 3968 scenicas
440 3903 609 3988 pertinere.
634 3902 801 3968 Nonnulla
821 3903 972 3988 denique,
985 3925 1069 3989 quae
1080 3903 1394 3989 Anaxagoraspror·

205 4030 259 4074 sus
281 4009 398 4074 similia
415 4009 590 4094 docuisset,
610 4009 706 4074 etiarn
726 4009 887 4094 Aeschylo
905 4010 1101 4090 innotuisse,
1119 4011 1176 4096 qui
1195 4031 1267 4075 eum
1286 4009 1396 4076 audire

206 4135 273 4179 nou
296 4115 446 4199 potuerit.

251 4219 465 4287 Vehementer
486 4220 586 4306 igitur
608 4225 734 4300 errant,
757 4221 813 4306 qui
831 4221 941 4288 omnia
960 4224 1001 4288 ad
1019 4221 1230 4310 Anaxagorae
1251 4221 1393 4290 scholam

1072 4430 1087 4457 Χ

241 4489 266 4550 1)
284 4488 354 4538 Dima
377 4489 406 4538 ds
427 4497 527 4542 naturae
542 4489 567 4542 ri
583 4491 646 4556 legas
662 4496 687 4541 at
703 4495 829 4559 prompta
844 4493 966 4560 aupsrsnti
985 4494 1011 4543 iu
1028 4509 1083 4544 eum
1098 4493 1177 4544 locam
1193 4492 1292 4555 distuli,
1310 4493 1350 4545 ubi
1363 4493 1393 4543 de

205 4573 297 4624 virtuto
311 4577 336 4622 st
353 4572 457 4624 moritus
473 4574 521 4625 erit
536 4573 708 4626 disserendum.
