3422 5362
759 441 822 506 165

190 623 235 688 cis
264 621 318 689 rix
349 623 448 688 alium
476 623 657 708 qnempiam
679 624 784 690 locum
807 623 967 703 invenias,
993 625 1113 710 inquo
1138 625 1209 711 quis
1232 626 1382 712 injuriam

187 731 350 815 acceptam
372 729 466 795 elteri
488 730 658 797 condonet.

229 833 337 900 Etiam
366 857 406 899 ex
438 834 550 900 Oreste
578 835 689 901 fabula
715 837 872 922 quaedam
903 840 1101 922 excerpenda
1132 841 1217 903 sunt.
1250 838 1379 904 Orestes

185 939 329 1006 Menelao
359 941 478 1005 dicenti
500 941 634 1026 (1604):
659 942 754 1018 ἁγνὸς
779 942 843 1022 γάρ
867 943 931 1016 eim
954 950 1067 1023 χεῖρας
1091 944 1280 1030 respondet:
1305 945 1380 1009 ἀλλ’

186 1049 219 1113 οὐ
239 1048 297 1118 τὰς
318 1047 433 1126 elever
446 1044 489 1132 l),
510 1069 591 1132 quse
611 1048 646 1112 in
666 1049 850 1113 memoriam
870 1049 1193 1133 rediguntexcelsum
1206 1048 1380 1118 Democriti

186 1155 404 1238 praeceptum:
434 1154 553 1230 eyselo
573 1156 606 1219 οὐ
627 1155 661 1217 τὸ
681 1157 724 1230 μὴ
747 1153 878 1218 ἀδικέειν
898 1156 988 1219 ἁλλὰ
1009 1157 1043 1222 τὸ
1063 1155 1140 1231 μηδὲ
1162 1154 1268 1220 θέλειν.
1292 1155 1381 1221 Idem

185 1257 310 1324 Orestes
341 1261 437 1324 antea
468 1257 613 1324 Menelao
639 1259 788 1344 roganti,
813 1259 918 1344 qualis
942 1261 1072 1325 morbus
1097 1283 1168 1326 eum
1193 1261 1382 1348 conficeret,

184 1366 392 1449 responderat
414 1365 529 1451 (396):

412 1469 589 1554 ιὶξύνετις,
614 1465 660 1534 ὅτι
685 1471 806 1536 advorte
833 1470 904 1536 δεῖν·
918 1472 1130 1551 εἰργασμένοι.

233 1576 320 1643 Haec
343 1577 474 1642 minime
496 1576 580 1642 levia
603 1579 698 1656 suut,
721 1577 872 1662 quoniam
897 1578 1072 1644 ostendunt
1091 1579 1177 1665 apud
1195 1578 1380 1665 Euripidem

187 1683 330 1750 Orestem
356 1683 508 1750 facinoris
531 1684 579 1748 sui
603 1683 799 1750 conscientia
822 1684 976 1762 cruciari3
999 1707 1136 1770 quacum
1159 1685 1274 1751 Furiae
1299 1686 1381 1751 nihil

187 1811 353 1856 commune
383 1790 562 1867 habebant,
594 1793 706 1874 utpote
729 1811 811 1874 quae
836 1791 960 1856 nonin
985 1792 1151 1858 hominum
1175 1793 1290 1858 animis
1313 1813 1381 1857 vor-

185 1901 332 1962 sarentur
354 1897 408 1962 sed
427 1900 559 1961 externa
581 1897 683 1982 specie
707 1917 760 1961 eos
783 1899 958 1976 terrerent,
985 1903 1181 1983 quapropter
1203 1897 1271 1983 ipse
1289 1897 1382 1963 Ores·

186 2007 233 2070 tes
253 2004 346 2088 (400)
373 2025 425 2068 eas
449 2025 468 2066 a
491 2003 600 2068 dolore
625 2003 664 2067 de
690 2002 832 2067 facinore
859 2025 916 2068 suo
945 2004 1060 2068 diserte
1084 2006 1241 2090 segregat.
1273 2002 1381 2068 Etiam

186 2109 221 2174 in
249 2109 376 2174 Electra
403 2113 541 2175 terretur
561 2109 701 2193 imagine
725 2109 835 2174 matris
859 2109 1012 2195 supplicis
1036 2112 1209 2194 autequam
1235 2109 1381 2174 Dioscuri

186 2220 379 2300 aperuerunt
397 2236 469 2279 eum
491 2237 510 2279 s
528 2213 632 2279 Furiis
650 2215 808 2298 agitatum
827 2214 877 2280 iri.
901 2213 973 2280 Hac
990 2213 1090 2299 igitur
1109 2214 1143 2279 in
1162 2237 1196 2280 re
1208 2213 1377 2298 Euripides

187 2344 206 2384 a
228 2321 357 2406 tragicis
387 2320 602 2405 superioribus
626 2320 769 2386 discessit
791 2321 887 2404 idque
914 2321 1142 2386 convenienter
1165 2321 1229 2385 suis
1252 2321 1379 2405 opinio·

187 2427 291 2492 nibus.
326 2427 422 2512 Apud
453 2449 525 2492 eum
557 2428 640 2491 enim
669 2431 736 2490 tam
763 2427 878 2511 exigua
901 2432 970 2492 erat
992 2429 1122 2492 deorum
1147 2427 1320 2492 auctoritas
1344 2430 1381 2491 ut

188 2531 331 2611 Orestes,
356 2533 415 2598 etsi
438 2532 479 2597 ab
502 2532 655 2618 Apolline
677 2532 804 2597 disertis
829 2534 934 2599 verbis
957 2537 1092 2598 matrem
1115 2533 1256 2598 occidere
1272 2534 1379 2618 jussus

187 2641 273 2717 erat,
297 2643 404 2704 tamen
428 2639 581 2724 gravibus
605 2638 828 2704 sollicitaretur
853 2640 1111 2705 dubitationibus
1134 2639 1190 2724 (cf.
1203 2661 1300 2724 supra
1320 2659 1376 2725 pg.

188 2746 228 2810 31
260 2749 294 2810 et
323 2747 396 2832 35);
429 2747 538 2830 itaque
569 2749 819 2810 consentaneum
851 2750 901 2811 est
931 2769 1003 2812 eum
1034 2747 1175 2812 facinore
1197 2749 1380 2831 perpetrato
1493 2751 1496 2760 '

186 2875 252 2918 non
275 2857 377 2918 totam
401 2852 527 2938 culpam
550 2853 586 2915 in
610 2855 703 2916 deum
730 2851 889 2932 conferre,
917 2859 949 2919 et
977 2875 1043 2918 non
1070 2854 1174 2920 solum
1200 2851 1305 2916 Furiis
1325 2852 1380 2918 sed

185 2958 279 3024 etiam
319 2960 448 3045 propria
479 2958 609 3024 sceleris
640 2959 836 3023 conscientia
867 2959 1033 3044 exagitari.
1070 2959 1215 3024 Labente
1248 2958 1379 3023 deorum

185 3065 375 3130 auctoritate
398 3063 499 3129 crevit
521 3064 682 3128 humanae
705 3064 919 3129 conscientiae
943 3066 1126 3130 auctoritas.

229 3169 350 3236 Eodem
370 3171 506 3235 fortusse
523 3169 665 3254 pertinet
685 3171 876 3249 sententiae
894 3170 1078 3255 Melanippo
1096 3174 1221 3234 servata
1233 3169 1311 3254 (rid.
1323 3190 1378 3254 pg.

188 3277 285 3354 116),
315 3298 396 3362 quae
426 3276 566 3341 affirmat
596 3277 674 3342 vitia
701 3275 842 3342 humana
872 3297 938 3342 non
965 3277 1000 3341 iu
1027 3276 1148 3341 tabulis
1170 3275 1324 3359 inscripta
1347 3278 1380 3339 et

184 3381 327 3466 inspecta
357 3404 376 3445 e
406 3381 488 3447 Jove
511 3382 637 3466 puniri,
661 3383 715 3448 sed
740 3381 841 3448 Dicen
867 3403 967 3467 prope
990 3381 1083 3447 nobis
1105 3381 1226 3445 instare
1248 3379 1276 3444 si
1298 3380 1379 3445 bene

185 3487 304 3552 intueri
328 3487 470 3553 velimus.
1332 3479 1334 3484 ⁵

231 3593 398 3660 Praeclara
418 3615 545 3680 quoque
564 3594 725 3659 sententis
744 3594 783 3658 de
803 3595 900 3660 saeris
919 3593 1077 3659 faciundis
1097 3593 1133 3657 in
1149 3591 1279 3658 Orionis
1289 3590 1378 3656 flori·

185 3699 270 3784 legio
292 3699 538 3785 (11.p.55.20)
561 3721 600 3764 ox
622 3700 746 3765 incerta
767 3700 933 3785 tragoedia
954 3701 1099 3784 superest
1112 3697 1191 3764 hsee
1212 3698 1264 3785 (fr.
1278 3698 1376 3783 940):

455 3801 490 3870 εὖ
514 3804 587 3891 ἴσθ’,
614 3805 688 3871 ὅτιιν
713 3829 759 3880 τις
785 3805 920 3882 εὐσεβῶν
944 3805 998 3888 θύῃ
1024 3807 1120 3884 θεοῖς,

457 3909 517 3977 κᾶν
539 3912 635 3992 μικρὰ
659 3913 729 3992 θύῃ,
754 3912 912 3994 τυγχάνει
937 3913 1105 3992 τυτιιρίιιι,

184 4039 264 4104 quae
283 4016 493 4085 confirmatur
512 4019 633 4084 ultimis
653 4020 757 4086 verbis
775 4019 949 4103 fragmenti
970 4017 1100 4084 Donate
1117 4018 1212 4104 (329)
1224 4039 1275 4102 ap.
1288 4015 1376 4084 Stob.

182 4123 250 4209 (97.
277 4123 351 4210 14),
375 4125 493 4209 quibus
517 4125 631 4211 aliquis
655 4124 734 4190 dicit
757 4146 850 4209 saepe
875 4126 1057 4190 se'videre:

455 4231 545 4295 deciri
569 4231 665 4311 μικρὰ
689 4231 770 4312 χειρὶ
796 4231 921 4302 θύονται
947 4230 1023 4305 ritu

456 4340 515 4402 τῶν
539 4337 765 4414 βουθυτούντων
788 4339 878 4408 ὄντας
903 4337 1150 4417 εὖτιβεττέριυι.

221 4575 293 4638 1)(11.
304 4573 381 4642 Hipp.
389 4575 450 4628 8172
495 4573 639 4638 χι1μςμ1ν
657 4573 746 4638 ἁγναὶ,
763 4573 823 4638 opilo
841 4571 864 4623 δ’
881 4571 938 4637 ἕχει
956 4571 1060 4636 μίασμά
1077 4589 1111 4623 τι.
