3418 5356
786 435 850 500 123

214 617 303 682 illam
327 613 520 682 sententiam
542 619 625 680 nude
643 616 706 681 orsi
726 639 852 682 sumus:
874 617 980 682 nullos
1000 638 1072 682 vere
1091 639 1157 682 esse
1176 620 1251 682 deos
1271 617 1332 682 nisi
1352 616 1409 702 qui

215 723 403 787 infimitate
421 721 569 807 vitiisque
588 721 737 788 humanis
756 727 895 789 careant.
914 722 1030 788 Procul
1042 723 1138 787 dubio
1151 723 1241 786 notio
1254 722 1348 787 nnius
1360 723 1411 787 dei

216 829 245 894 ei
266 850 392 914 quoque
415 828 584 892 obversata
607 832 674 906 est,
695 830 847 914 quoniam
869 829 923 894 ubi
946 850 1029 894 nova
1049 831 1154 893 tentat
1172 828 1410 913 plerumquede

215 935 296 1002 Jove
314 934 382 999 solo
402 935 451 1000 vel
471 935 510 999 de
529 937 578 1014 τῷ
602 937 671 1014 θεῷ
695 935 847 1020 loquitur.
874 935 934 1000 Sed
954 938 1157 1000 emendatam
1175 934 1263 998 illam
1280 934 1411 999 deorum

217 1045 363 1105 naturam
395 1061 462 1104 non
489 1043 584 1104 modo
609 1061 674 1105 non
697 1041 790 1106 claris
812 1041 1017 1106 lineamentis
1040 1041 1075 1104 in
1099 1040 1207 1104 animo
1230 1061 1410 1124 expressam

216 1145 370 1224 habebat,
395 1145 568 1211 sedetiam
594 1167 659 1210 non
686 1148 788 1232 magis
811 1170 907 1232 quam
932 1147 1062 1211 deorum
1084 1145 1283 1231 popularium
1303 1146 1410 1229 pravi-

215 1257 312 1316 tatem
345 1273 417 1316 oum
447 1250 580 1316 libidine
609 1252 782 1336 iniquitate
812 1253 1001 1318 crudelitate
1032 1253 1127 1316 sortis
1150 1251 1309 1316 humanae
1332 1271 1410 1316 con·

212 1358 348 1443 jungere
379 1362 411 1423 et
441 1357 589 1442 copulare
612 1361 755 1443 poterat;
780 1360 826 1423 ita
851 1364 887 1423 ut
910 1359 939 1422 ei
961 1358 1022 1424 boc
1045 1381 1146 1423 unum
1169 1357 1234 1422 fere
1256 1361 1410 1444 perpetuo

215 1485 398 1547 persuasum
433 1462 529 1528 fuisse
562 1463 706 1529 videatur
736 1465 994 1530 obscurissimum
1026 1487 1093 1530 esse
1124 1485 1243 1529 numen
1266 1464 1409 1528 divinum

215 1590 316 1653 neque
339 1569 406 1633 eius
429 1573 577 1634 naturam
602 1570 743 1634 hnmana
766 1575 872 1634 mente
895 1570 1045 1655 cognosci
1069 1590 1171 1654 posse.

259 1674 461 1759 Numquam,
495 1696 545 1740 me
572 1676 695 1760 judice,
728 1697 882 1762 personae
912 1677 1054 1742 scenicae
1084 1661 1216 1761 planius
1238 1698 1277 1740 ex
1302 1675 1409 1740 animo

214 1787 326 1866 poetae
348 1781 524 1866 loquuntur
548 1804 644 1866 quam
669 1783 724 1846 nbi
747 1805 817 1847 eam
842 1783 1069 1848 obscuritatem
1092 1787 1290 1867 queruntur,
1313 1783 1410 1846 intel·

214 1888 367 1974 ligentiac
390 1887 549 1952 humanae
571 1888 713 1972 inopiam
738 1889 938 1973 profitentur.
966 1887 1064 1954 Cuius
1083 1890 1128 1953 rei
1148 1888 1292 1973 exemplu
1309 1909 1408 1973 quae-

216 1994 288 2058 dam
312 1993 453 2078 insignio
475 2015 644 2079 apponam.
670 1993 766 2080 Hipp.
798 1997 883 2060 1104
906 2013 991 2080 sqq.:

313 2094 329 2170 sl
353 2103 442 2178 μέγα
466 2123 517 2176 μοι
542 2100 584 2164 τὰ
608 2103 679 2166 θεῶν
701 2101 895 2180 μελεθθμιιθ
918 2101 993 2168 tras
1016 2101 1132 2182 φρθνως
1159 2099 1248 2185 ἔλθῃ,

311 2205 416 2278 λύπαι
442 2217 602 2287 πωρωιρεῑ·
626 2206 743 2284 ξθνεσιν
768 2207 802 2272 ll
826 2211 882 2273 τιν’
908 2207 1010 2272 ἑλπίδι
1034 2209 1144 2273 ιιεθθων

313 2313 517 2391 λεθπομωι
537 2313 576 2378 ἔν
601 2337 644 2378 σε
668 2315 822 2396 nixam
847 2315 998 2379 θνιισῶν
1019 2313 1085 2378 acl
1108 2314 1144 2378 ἐν
1166 2311 1348 2393 θργμιισι

1109 2421 1303 2484 λεύσσων.

255 2525 460 2593 Horo.l'.62:
495 2528 532 2598 ιθς
558 2526 639 2591 οὐδὲν
662 2526 845 2608 ἀνθρώποισι
869 2529 928 2592 τῶν
953 2527 1036 2591 θεθων
1060 2526 1174 2608 σωφθς.

256 2631 296 2697 ln
321 2631 499 2696 Troadibus
521 2632 613 2712 (886)
637 2633 682 2698 sic
703 2631 833 2718 Jupiter
859 2631 1088 2718 compellatur:

394 2733 477 2808 θσπις
501 2737 572 2802 ποτ’
596 2733 628 2803 sl
648 2737 705 2817 σὺ,
731 2739 1014 2807 δυστόπαστος
1039 2735 1207 2804 sillace.

258 2843 405 2928 Denique
428 2842 500 2908 vide
523 2842 584 2908 hoc
608 2842 695 2928 (Hel.
726 2845 845 2932 1137):

511 2947 578 3015 θπι
603 2949 666 3020 θεὸς
693 2951 709 3024 ἢ
734 2953 779 3026 μὴ
804 2951 867 3020 θεὸς
892 2953 908 3026 ἣ
934 2951 969 3014 πθ
992 2949 1085 3026 μέσον

507 3057 569 3128 sle
592 3059 684 3136 Φνσ’
709 3057 928 3136 θρειινιίσιιι
952 3055 1108 3136 βροτῶν

507 3159 769 3241 μωκρθποπον
792 3159 919 3242 πθριιν
942 3162 1092 3241 εὑρεῖν,

508 3257 539 3336 bs
562 3267 605 3332 πθ
629 3269 700 3332 θεῶν
723 3268 812 3352 θσορᾷ

507 3373 591 3454 δεῦρο
615 3373 667 3438 aa>
693 3370 778 3444 αὖθις
801 3374 900 3438 θιιεῖσε

507 3477 559 3543 καὶ
584 3476 682 3544 πάλιν
704 3477 879 3557 θντιλθγοις

506 3583 637 3660 πηδῶντ’
661 3585 858 3660 θνελπθσποις
882 3588 1017 3668 rixam
