3422 5362
786 397 849 460 167

225 583 370 666 postam,
400 601 472 646 cum
506 599 628 644 morum
660 579 837 664 priscorum
869 579 1042 645 auctoritas
1073 578 1227 644 dissoluta
1256 579 1356 655 esset,
1379 576 1415 642 iu

222 685 355 772 ancipiti
377 685 433 751 illo
459 685 542 750 bivio
566 683 628 750 sibi
650 684 775 770 eligisse
799 707 896 769 supra
918 683 1161 769 disputavimus.
1195 681 1229 749 si
1251 687 1416 768 praeterea

221 796 405 878 reputamus
430 814 502 857 eum
527 791 624 857 vitam
649 791 784 857 otiosam
813 791 920 875 potius
944 792 1089 856 laudasse
1112 813 1208 876 quam
1233 789 1413 876 publicam,
1549 801 1553 816 '

220 919 287 964 non
318 899 429 983 inepta
452 897 532 962 milri
555 897 681 964 ridetur
704 897 842 982 suspicio
866 898 963 962 etiam
987 897 1137 962 virtutem
1161 895 1190 961 ei
1214 895 1414 962 obversatam

219 1025 286 1070 esse
304 1004 460 1070 disemum
481 1004 522 1069 ab
541 1002 675 1089 antiqua
694 1004 751 1069 illa
772 1005 884 1086 ἀρετῇ,
905 1003 1120 1088 augustiorem
1135 1001 1254 1068 scilicet
1265 1002 1415 1067 eandem·

218 1133 280 1198 que
311 1110 545 1195 angustiorem,
577 1131 702 1175 morum
734 1110 938 1176 sanctitatem
962 1110 1064 1194 magis
1090 1112 1288 1194 spectantem
1319 1130 1416 1194 quam

221 1217 372 1284 virtutem
403 1216 548 1295 civilem,
578 1217 711 1282 omuino
741 1217 871 1302 ppopius
902 1218 1103 1282 accedentem
1131 1216 1172 1280 ad
1203 1213 1416 1280 recentiorum

218 1321 415 1390 sacculorum
439 1322 681 1388 humanitatem.

406 1511 425 1586 ἓ
448 1506 480 1573 8.
509 1505 604 1586 Qasrn
628 1507 780 1593 optimam
806 1507 932 1570 cirtth
950 1507 1075 1592 sontem
1099 1507 1233 1570 disserit.

268 1657 343 1724 Una
377 1661 478 1723 restat
514 1659 657 1744 quaestio
689 1661 730 1722 ad
763 1658 913 1723 virtutem
937 1657 1109 1742 pertinens.
1146 1657 1233 1734 Quae
1268 1657 1417 1742 Euripidi

221 1765 345 1851 optima
368 1765 436 1830 risa
459 1768 508 1830 est
532 1764 658 1830 virtutis
682 1764 755 1828 vicl

265 1870 464 1955 Quamquam
499 1871 566 1955 ipse
602 1873 697 1954 poeta
732 1870 817 1934 hanc
852 1870 1073 1957 quaestionem
1111 1893 1177 1936 non
1208 1870 1325 1936 diserte
1355 1871 1417 1936 sibi

220 1977 421 2062 proposuisse
453 1977 595 2052 videtur,
628 1975 704 2041 nolo
739 1981 848 2041 tamen
880 1975 1008 2041 silentio
1032 1999 1101 2041 eam
1125 1978 1316 2062 praeterire,
1342 1977 1418 2062 quia

220 2085 456 2169 quodammodo
486 2083 659 2167 conjuncta
691 2085 740 2147 est
770 2103 842 2146 cum
874 2083 974 2146 altera
1000 2082 1057 2146 illa
1079 2082 1266 2167 quaestione
1289 2083 1328 2147 de
1350 2083 1418 2148 eius

220 2189 438 2254 familiaritate
461 2210 533 2252 cum
557 2187 698 2254 Socrate.

266 2293 406 2371 Quorum
442 2295 581 2361 virorum
617 2294 814 2360 consuetudo
843 2294 1005 2358 indicatur
1027 2294 1107 2379 jocis
1126 2295 1338 2373 comicorum,
1362 2296 1418 2380 qui

222 2401 447 2486 philosophum
459 2406 573 2486 poetae
585 2402 620 2466 in
632 2400 806 2486 tragoediis
818 2401 1047 2485 componendis
1059 2423 1152 2485 opem
1169 2400 1279 2466 tulisse
1291 2401 1418 2481 ferunt,

222 2513 254 2573 et
289 2531 309 2573 a
343 2507 572 2592 posterioribus
610 2507 818 2591 scriptoribus
832 2503 858 2590 ¹)
894 2508 938 2571 ita
973 2510 1106 2571 ornatur
1130 2510 1166 2571 ut
1189 2509 1284 2591 poeta
1309 2506 1415 2590 philo·

222 2613 315 2699 sophi
337 2611 512 2698 discipulus
534 2613 631 2677 fuisse
655 2612 705 2678 vel
728 2612 841 2676 saltem
866 2632 1016 2696 magnam
1040 2612 1205 2677 doctrinae
1228 2612 1352 2697 copiam
1376 2613 1417 2678 ab

221 2739 258 2783 eo
281 2720 427 2784 didicisse
452 2718 585 2784 dicatur.
611 2717 774 2794 Quatenus
797 2717 858 2783 hoc
881 2738 990 2782 verum
1012 2718 1070 2796 sit,
1091 2740 1164 2783 cum
1185 2719 1336 2784 deficiant
1353 2723 1417 2785 tes·

221 2825 354 2890 timonis
385 2829 488 2903 certa,
519 2824 588 2889 sola
618 2825 836 2890 doctrinarum
865 2824 1104 2908 comparatione
1124 2824 1292 2910 dijudicari
1312 2826 1416 2891 debet.

221 2929 355 2996 Nullum
374 2934 481 2995 autern
500 2934 549 2995 est
567 2930 722 3016 placitum
735 2931 859 3014 saepius
872 2930 1082 3014 disertiusque
1094 2954 1113 2994 a
1125 2928 1255 2997 Socrate
1267 2931 1418 2997 enuntia·

221 3039 289 3101 tum
309 3058 406 3122 quam
427 3036 578 3100 nauem
597 3057 664 3101 eme
687 3035 853 3101 scientiam
877 3056 984 3099 rerum
1008 3035 1165 3099 bonarum
1187 3038 1221 3100 et
1241 3036 1417 3116 malarum,

220 3146 253 3207 et
281 3141 387 3207 studio
417 3140 518 3227 igitur
548 3143 582 3205 et
612 3140 781 3225 disciplina
805 3139 993 3224 comparari.
1024 3138 1209 3224 Euripidem
1234 3163 1308 3207 vero
1333 3143 1416 3208 vidi·

220 3271 292 3314 mus
314 3247 569 3332 frequentissime
592 3247 812 3311 demonstrare
834 3245 1073 3310 iustitutionem
1097 3251 1213 3311 natura
1237 3247 1339 3312 multo
1364 3248 1417 3313 in·

219 3353 367 3419 seriorem
397 3375 464 3418 esse
496 3352 711 3436 adversusque
742 3373 950 3434 camporum
977 3351 1091 3416 valere.
1116 3349 1214 3416 Cuius
1238 3353 1417 3418 sententiae

221 3459 374 3544 exemplis
395 3479 450 3544 pg.
478 3459 542 3524 156
566 3479 636 3542 sqq.
661 3457 768 3522 allatis
792 3459 856 3521 duo
880 3457 1006 3522 addam.

267 3563 307 3629 ln
331 3563 490 3630 Phoenice
512 3562 595 3626 dixit
618 3562 733 3648 aliquis
760 3560 864 3648 (Stob.
886 3561 954 3627 flor.
981 3562 1040 3639 90,
1066 3563 1107 3638 63
1130 3560 1227 3629 Dind.
1253 3562 1292 3627 fr.
1319 3563 1417 3648 807):

447 3667 597 3748 μέγιστον
621 3662 669 3746 ἆρ’
694 3665 727 3742 ἦν
752 3669 770 3744 οἱ
794 3670 907 3749 φύσις·
933 3667 968 3731 τὸ
991 3668 1056 3747 γὰρ
1080 3668 1173 3732 meir

403 3829 408 3840 .
452 3774 549 3848 οὐδεὶς
574 3774 693 3855 τρέφον
717 3769 751 3840 εὖ
774 3774 909 3852 χρηστὸν
934 3773 973 3838 ἂν
996 3773 1060 3850 lein
1085 3775 1171 3840 ποτέ.

264 3879 409 3947 Phaedra
431 3881 543 3966 (Hipp.
569 3881 634 3946 380
658 3881 742 3966 sqq.)
766 3879 828 3944 ait:

423 3989 467 4054 τὰ
490 3988 602 4067 χρήστ’
627 3987 847 4064 ἐπιστάμεσθα
870 3985 922 4050 eal
946 3985 1160 4066 γιγνώσκομεν

424 4095 685 4171 ciricsceatum
710 4091 749 4176 δ’,
773 4092 799 4158 cl
823 4095 880 4170 μὲν
905 4093 1019 4174 ἀργίας
1044 4090 1120 4179 ὕπο,
1163 4161 1169 4174 ,
1275 4148 1279 4157 .

424 4201 450 4267 cl
474 4199 502 4266 δ’
526 4199 627 4277 ἡδονὴν
651 4197 809 4280 spoliem
834 4199 904 4265 ἀντὶ
929 4203 983 4265 τοῦ
1008 4205 1106 4266 καλοῦ

420 4304 522 4382 ἄλλον
546 4307 613 4371 τιν’.

255 4526 279 4586 l)
297 4528 317 4576 Δ
338 4525 431 4592 Dionys.
453 4526 530 4578 Helie.
550 4526 575 4577 in
596 4527 647 4578 loro
664 4527 738 4578 allato
755 4543 794 4593 pq.
813 4529 846 4578 44
864 4529 923 4588 not,
943 4531 968 4578 ct
985 4544 999 4578 a
1019 4524 1127 4591 percu·
1143 4524 1313 4582 ecclesiaticis.
