3418 5356
763 473 803 540 81

193 657 364 726 moralibus
387 657 563 744 superiores
585 656 826 744 videbantur1).
850 656 953 734 Quare
974 657 1157 724 bominibus
1179 658 1232 744 pie
1254 657 1381 724 colendi

192 769 281 831 erant
299 763 361 843 dii;
380 784 517 850 quorum
535 763 699 849 potentiae
710 765 820 830 cedere
832 763 972 830 noluisse
983 765 1382 831 eummaeeaeevidebatur

194 870 356 956 superbiae
380 873 412 934 et
432 869 608 954 pravitatis.
634 867 708 935 Uno
725 858 838 935 'auem
858 872 1029 954 eademque
1046 891 1140 934 cauea
1158 869 1284 935 obstitit
1299 891 1380 955 quc·

193 977 298 1041 minus
327 975 458 1041 deorum
483 974 600 1041 scelera
622 974 869 1060 indignarentur
891 975 1036 1040 homiues
1059 980 1092 1040 et
1114 977 1285 1061 (prominua
1304 975 1380 1041 illc·

192 1103 261 1148 rum
296 1081 442 1167 exempla
473 1081 563 1166 sequi
593 1080 656 1146 sibi
684 1081 808 1146 licitum
839 1083 992 1165 putarent
1021 1085 1078 1146 aut
1107 1081 1233 1167 saepius
1256 1103 1293 1147 ea
1315 1083 1381 1148 suis

189 1189 330 1275 ipsorum
361 1187 501 1273 peccatis
531 1189 786 1272 praetenderent.
810 1185 901 1263 Quod
921 1189 1008 1252 enim
1029 1187 1074 1252 dii
1096 1187 1157 1252 sibi
1178 1187 1261 1253 nihil
1284 1191 1380 1254 dene·

191 1295 334 1382 gabant,
367 1294 401 1358 id
431 1314 497 1359 nou
529 1297 598 1358 erat
628 1314 684 1359 cur
715 1293 860 1359 homines
889 1293 951 1359 sibi
979 1293 1201 1380 indulgerent3
1232 1299 1382 1380 poterant

194 1402 276 1468 enim
299 1401 349 1466 illi
370 1401 515 1486 impune,
542 1400 577 1465 hi
599 1421 666 1466 uon
689 1399 889 1487 poterant’).

236 1507 357 1574 Nostra
379 1509 486 1573 autem
509 1511 615 1586 actes,
640 1528 720 1592 quae
742 1511 912 1594 praecepta
934 1507 1068 1573 moralia
1090 1491 1280 1593 omnemque
1297 1509 1383 1575 vitae

194 1615 395 1682 sanctitatem
426 1613 628 1699 potissimum
651 1636 671 1678 a
693 1613 857 1699 religionis
886 1614 1091 1679 institutione
1119 1618 1260 1698 repetere
1282 1615 1381 1696 solet,

195 1721 396 1788 vehementer
426 1721 560 1785 miratur
589 1720 749 1805 quomodo
781 1718 900 1786 factum
927 1721 986 1805 sit,
1012 1724 1049 1785 ut
1073 1719 1217 1786 homiues
1239 1720 1382 1808 antiqui,

193 1828 307 1916 quibus
330 1848 397 1893 non
420 1830 516 1892 modo
538 1827 629 1893 nulla
652 1829 734 1892 esset
755 1827 916 1893 institutio
935 1827 1045 1893 dimna
1064 1829 1119 1892 sed
1141 1827 1237 1893 etiam
1257 1827 1302 1892 dii
1321 1828 1384 1914 ipsi

194 1935 329 2021 cujusvis
360 1933 527 2020 pravitatis
556 1934 778 1999 auctoritatem
802 1936 1023 2012 ostenderent,
1048 1953 1116 1998 non
1137 1935 1233 2020 proni
1253 1938 1384 2001 ruerent

193 2042 228 2107 in
257 2045 374 2106 cuncta
408 2042 541 2119 scelera,
574 2062 677 2126 neque
708 2061 837 2126 prorsus
868 2043 1100 2126 degenerarent
1121 2040 1157 2105 in
1180 2043 1281 2119 ieras,
1303 2041 1384 2127 quin

194 2147 257 2213 imo
276 2148 402 2214 eaedem
422 2147 575 2231 virtutes,
594 2169 674 2232 quas
692 2168 768 2226 nos,
785 2150 1046 2212 commendarent
1057 2150 1090 2211 et
1101 2147 1261 2226 colerent,
1274 2149 1381 2213 eadem

195 2255 358 2322 uobiscum
382 2253 460 2320 vitia
482 2253 702 2339 improbarent
724 2256 757 2319 et
780 2253 1023 2320 detestarentur.

238 2361 375 2426 Videtur
397 2360 477 2425 mihi
499 2364 616 2425 natura
638 2361 707 2445 ipse
729 2360 879 2425 omuibus
902 2359 1086 2424 homiuibus
1107 2359 1269 2444 quandam
1285 2360 1384 2446 justi·

194 2468 255 2534 tiae
277 2471 309 2532 et
331 2467 512 2533 sanctitatis
531 2467 697 2532 notionem
717 2467 827 2532 statim
847 2487 919 2531 cum
941 2465 1025 2530 vitae
1044 2465 1114 2529 luce
1132 2464 1282 2531 tribuere.
1301 2465 1384 2533 Sunt

195 2575 295 2652 enim,
319 2576 358 2638 ut
381 2573 426 2638 ait
449 2571 577 2658 Cicero,
599 2573 739 2659 ingeniis
763 2573 882 2639 nostrie
904 2572 1026 2637 semina
1047 2572 1162 2636 inuata
1180 2570 1335 2638 virtutum
1349 2574 1383 2654 ³).

195 2680 252 2747 llis
287 2685 395 2747 autem
426 2680 600 2745 seminibus
630 2681 665 2744 in
697 2679 841 2765 gentium
861 2679 1030 2764 juventute
1053 2683 1229 2745 nascuntur
1250 2679 1385 2746 virtutes

193 2809 310 2873 paucae
340 2787 511 2852 admodum
535 2790 569 2852 et
591 2786 861 2871 simplicissimae,
886 2785 986 2851 veluti
1008 2784 1125 2851 herbae
1148 2806 1264 2870 parvae
1287 2791 1384 2872 atque

193 2899 349 2980 agrestee3
373 2896 449 2959 dum
475 2897 581 2958 autem
606 2895 718 2978 gentes
741 2895 846 2957 aetate
868 2893 1046 2977 prooadunt
1064 2891 1125 2958 hae
1143 2891 1279 2957 virtutes
1299 2892 1385 2957 vitae

193 3022 249 3066 usu
278 3000 370 3086 quasi
403 2999 575 3084 abaliquo
600 2999 686 3064 horti
710 3002 915 3084 procuratore
936 2997 1126 3063 excoluntur
1148 3001 1182 3064 et
1204 3003 1386 3084 purgantur

191 3107 236 3171 ita
258 3111 294 3172 ut
317 3105 553 3170 recentissimae
577 3106 689 3191 cuique
712 3105 876 3190 progeniei
898 3104 1021 3170 semina
1040 3104 1185 3170 uberiora
1205 3108 1237 3170 et
1255 3104 1385 3191 puriora

193 3214 404 3299 suppeditent.
431 3212 526 3278 Hanc
549 3217 655 3278 autem
672 3213 817 3298 justitiae
837 3213 1003 3278 notionem
1016 3211 1137 3297 abipsa
1148 3213 1265 3277 natura
1277 3210 1385 3277 datam

194 3318 313 3385 efficere
342 3319 480 3384 arbitror
512 3323 549 3384 ut
579 3319 724 3405 gentium
754 3340 856 3384 mores
879 3340 1054 3403 numquam
1076 3322 1243 3402 tantopere
1266 3318 1387 3384 sancti

226 3543 253 3602 1)
270 3543 359 3593 ladem
385 3541 479 3593 ratione
501 3541 604 3593 Remsni
621 3541 805 3608 imperatoribus
820 3545 871 3592 suis
887 3544 925 3592 tet
941 3556 1015 3591 annas
1031 3541 1102 3607 plnrs
1119 3539 1281 3606 permiserunt
1297 3539 1388 3606 llsgitis

196 3641 263 3691 quam
288 3625 332 3677 ulli
358 3629 428 3674 antes
451 3625 591 3675 mortalium
613 3625 670 3689 quis
691 3628 785 3675 tenum
808 3623 923 3674 behemot
939 3627 1082 3690 potestatem
1099 3627 1214 3688 qusntsm
1231 3638 1301 3674 neure
1318 3625 1388 3672 sntes

196 3709 337 3759 mortalium
363 3709 466 3774 Ideoque
488 3707 661 3758 scelestissimis
682 3707 732 3757 illis
748 3706 887 3757 Gsmsribus
903 3706 961 3757 satis
977 3713 1029 3756 erst
1046 3705 1126 3756 mori
1145 3705 1214 3755 utin
1231 3704 1388 3756 immorts-

196 3791 269 3844 lium
285 3807 413 3843 nnmerum
431 3791 592 3841 retenentur}

228 3874 291 3940 Quid
312 3875 376 3940 qued
392 3874 455 3940 spud
472 3888 515 3924 uos
533 3874 610 3924 adbuc
626 3873 733 3923 multum
748 3873 813 3924 rslet
829 3873 886 3922 bsac
903 3872 942 3922 lex
959 3871 1025 3922 velut
1042 3870 1167 3923 naturalis.
1191 3872 1278 3920 Nonne
1293 3867 1388 3934 regibus

196 3955 351 4022 divitibusque
373 3955 445 4022 plnrs
469 3955 559 4020 ignosci
583 3955 661 4005 solent
683 3971 755 4020 qnam
778 3953 868 4006 risibus
883 3959 909 4005 et
924 3954 1006 4020 plebi?
1031 3955 1118 4020 Iegem
1134 3957 1243 4019 poteram
1258 3952 1390 4004 notissimis

196 4037 271 4088 serbis
286 4053 369 4088 vcesre
390 4038 441 4103 .jns
460 4037 624 4088 validissimi''.
643 4039 714 4104 Quod
730 4043 810 4089 tsmen
829 4037 927 4088 verebar
943 4053 973 4088 ue
989 4037 1015 4087 in
1032 4052 1125 4088 errores
1137 4037 1241 4087 duceret.
1259 4035 1312 4086 llos
1324 4035 1389 4088 enim

197 4135 268 4186 qaum
292 4137 319 4170 aa
341 4135 398 4170 sees
420 4121 513 4171 utimur
538 4124 695 4187 spcteststem
717 4117 874 4170 validissimi'
896 4121 977 4186 potlus
1000 4119 1160 4186 significamus
1177 4115 1308 4185 qusmjus.
1325 4118 1390 4170 Nam

198 4203 308 4268 hieriam
324 4220 417 4271 semper
434 4209 559 4271 putamus,
577 4203 641 4268 siqui
658 4203 749 4254 viribus
765 4203 823 4253 solis
839 4203 890 4254 nixi
906 4203 1034 4254 debiliores
1047 4202 1195 4271 opprimunt.
1210 4199 1390 4265 Antiquissimis

198 4303 253 4336 sere
267 4287 414 4354 temporibus
430 4287 455 4337 id
475 4289 557 4352 utpote
576 4289 676 4336 naturae
692 4301 825 4350 congruens
842 4284 1033 4349 sarcinatum
1049 4282 1187 4335 bsbebstur.

230 4369 304 4420 Notes
324 4369 426 4435 deniqne
450 4368 543 4418 scnism
566 4371 592 4417 et
614 4367 753 4419 tseultstem
777 4367 867 4433 sliquid
891 4367 992 4420 lactendi
1017 4368 1154 4434 trequentes·
1171 4365 1253 4414 ecdem
1270 4364 1390 4431 designsri

198 4451 322 4510 soestulo.
338 4453 405 4503 velut
423 4448 569 4514 tuasgerat,
588 4450 651 4501 licet.

231 4534 261 4600 2)
278 4535 359 4600 Neque
377 4535 440 4584 euim
459 4549 503 4584 uos
520 4533 622 4600 peecstis
639 4534 815 4585 excusationem
830 4532 935 4598 petimus
948 4549 962 4583 e
975 4548 1058 4598 regum
1072 4531 1253 4598 principumque
1268 4529 1389 4597 exemplis.

231 4616 308 4676 8)OE
326 4615 400 4666 etism
417 4617 563 4680 Protagorae
580 4614 689 4679 mytbum
706 4616 735 4664 de
753 4612 808 4680 'lep
825 4619 850 4665 et
866 4611 935 4664 allel
950 4614 1087 4665 bominibus
1102 4630 1117 4663 s
1132 4613 1193 4664 Jose
1209 4611 1315 4664 tributis.

1250 4697 1266 4744 c
