3418 5356
807 459 851 528 83

697 749 886 836 CAPUT
906 749 964 838 II.

281 982 429 1036 numum
454 981 646 1036 romum
671 983 766 1036 APUD
789 983 998 1036 scurrone
1021 983 1191 1036 amma
1214 985 1372 1040 rmum.

276 1155 374 1240 Apud
397 1154 617 1221 Homerum
642 1155 746 1220 omnis
766 1157 898 1224 deorum
917 1155 1060 1241 pravitas
1079 1155 1251 1242 exponitur
1269 1155 1337 1221 sine
1356 1155 1423 1222 ullo

231 1261 304 1328 fuco
326 1261 432 1328 ullave
455 1261 665 1328 dubitatione.
690 1260 802 1347 Neque
826 1263 862 1329 in
887 1261 957 1328 aliis
980 1261 1106 1348 scriptis
1129 1262 1245 1328 clarius
1268 1265 1424 1348 apparent

232 1369 374 1455 ipsorum
397 1367 482 1432 inter
506 1389 539 1433 se
561 1367 649 1434 rixae
671 1371 705 1434 et
724 1369 859 1454 proelia,
880 1369 1031 1454 quoniam
1050 1390 1207 1454 nusquam
1219 1371 1285 1434 tarn
1297 1369 1445 1466 copiose·

234 1474 422 1542 describitur
440 1475 589 1541 universa
605 1477 737 1541 deorum
750 1477 872 1542 civitas.
891 1475 944 1541 Ab
959 1475 1053 1542 initio
1065 1477 1267 1542 tamenratio
1278 1476 1425 1544 homines

232 1581 374 1648 docuisse
397 1580 524 1646 videtur
547 1585 614 1646 taur
639 1581 777 1646 discordi
799 1585 832 1647 et
850 1582 1037 1647 turbulenta
1055 1582 1249 1648 democratia
1266 1585 1422 1650 mundum

231 1689 300 1773 regi
329 1709 396 1754 non
418 1709 519 1774 posse.
551 1687 633 1754 Nam
657 1685 786 1773 Jupiter
808 1689 936 1773 quidem
960 1688 1105 1754 omnium
1129 1691 1178 1753 est
1199 1710 1272 1767 rex,
1296 1709 1424 1754 omnes-

231 1815 294 1880 que
326 1794 465 1880 reliquos
500 1794 646 1879 potentia
680 1798 713 1859 et
747 1794 867 1860 viribus
897 1798 1043 1881 superat,
1074 1817 1140 1861 non
1173 1795 1220 1860 ita
1247 1800 1356 1862 tamen
1388 1797 1426 1862 ut

233 1923 408 1986 numquam
441 1901 471 1973 ei
505 1899 651 1966 resistere
684 1900 809 1986 possint
822 1897 864 1986 ¹);
895 1905 929 1968 et
960 1923 1152 1987 quamquam
1184 1901 1253 1987 ipse
1282 1901 1425 1968 abstinet

231 2006 401 2094 quominus
421 2006 604 2073 bominibus
622 2007 843 2092 pugnantibus
862 2029 1012 2094 praesens
1029 2008 1182 2073 auxilium
1201 2007 1303 2094 ferat,
1315 2013 1424 2074 tamen

230 2113 325 2179 variis
355 2113 516 2179 amoribus
547 2135 620 2179 curu
650 2135 766 2200 genere
798 2114 939 2180 humano
970 2118 1020 2180 est
1042 2115 1244 2200 conjunctior
1266 2137 1363 2201 quam
1388 2118 1426 2180 ut
1559 2180 1563 2190 ,

231 2222 299 2287 sine
321 2222 462 2307 partium
486 2221 594 2286 studio
617 2242 668 2286 res
685 2220 868 2286 mortalium
887 2219 988 2307 possit
1007 2220 1164 2286 moderari
1176 2219 1213 2300 ¹).
1238 2219 1342 2297 Quare
1362 2220 1422 2286 ho-

232 2329 332 2394 mines
351 2328 524 2393 credebant
542 2328 687 2413 superius
705 2350 772 2393 esse
790 2327 919 2413 aliquod
932 2327 1170 2405 numen,cuius
1178 2328 1268 2412 jussa
1279 2324 1422 2414 Olympii

231 2438 492 2521 exsequerentur,
514 2434 604 2500 cuius
623 2436 789 2500 voluntate
808 2437 892 2500 certe
911 2433 1076 2498 constricti
1095 2436 1209 2499 esseut
1223 2433 1423 2518 Ambiguum

233 2541 359 2606 ridetur
381 2543 489 2606 utrum
513 2563 633 2606 numen
655 2539 753 2626 illud,
776 2541 862 2626 quod
885 2548 993 2619 μοῖραν
1013 2539 1235 2624 appellabant,
1258 2538 1361 2604 fatum
1380 2541 1422 2606 sit

232 2648 345 2714 stabile
363 2669 404 2712 au
424 2647 505 2726 fors;
526 2668 617 2726 raro,
638 2669 697 2713 nec
717 2647 825 2713 nisiin
837 2647 931 2712 rebus
943 2646 1143 2732 gravioribus
1155 2646 1221 2712 eius
1233 2646 1421 2724 fitmoutio;

229 2755 265 2819 in
294 2754 411 2840 quibus
441 2774 517 2840 ergo
547 2753 607 2820 bac
638 2755 762 2820 ratione
792 2758 921 2819 cautum
945 2755 1149 2819 statueres
1172 2754 1330 2820 humanae
1353 2757 1423 2820 tur-

230 2862 384 2928 barentur
402 2863 533 2926 deorum
551 2859 703 2938 libidine,
724 2883 795 2926 cum
808 2881 903 2925 neruo
915 2860 1030 2925 horum
1042 2861 1135 2944 μοίρᾳ
1146 2859 1292 2926 resistere
1303 2865 1422 2946 posset.

274 2967 349 3035 dori
379 2972 484 3033 autem
515 2989 631 3033 munus
661 2967 772 3032 datum
803 2969 852 3032 est
881 2966 1015 3033 curandi
1045 2971 1082 3032 ut
1114 2967 1222 3047 μοίρας
1241 2969 1332 3054 jussa
1353 2973 1424 3034 rata

230 3075 365 3154 finum),
390 3096 471 3159 quae
494 3095 562 3139 non
586 3095 711 3159 semper
733 3074 880 3159 protinus
904 3072 997 3138 novit
1016 3075 1071 3138 sed
1093 3073 1267 3160 aliqnando
1290 3075 1425 3140 investi·

229 3203 305 3268 gare
334 3182 429 3247 debet
441 3183 480 3266 ·).
517 3179 572 3246 Dii
595 3179 689 3245 facile
712 3180 851 3267 aliquem
872 3201 997 3245 servare
1014 3185 1151 3266 possunt
1168 3180 1267 3265 inque
1286 3181 1424 3265 patriam

227 3290 392 3356 restituere
424 3287 549 3353 etiamsi
579 3286 677 3374 longe
707 3285 809 3372 absit3
841 3289 978 3351 mortem
1000 3289 1108 3352 tamen
1131 3286 1172 3351 ab
1195 3307 1232 3352 eo
1256 3284 1425 3352 detondere

230 3418 296 3462 non
319 3400 457 3482 possunt
481 3395 509 3460 si
532 3394 635 3460 fatum
658 3416 730 3460 eam
754 3393 924 3460 allaturum
948 3395 997 3458 est
1021 3391 1093 3481 (οἀ.
1117 3392 1180 3460 111.
1201 3393 1266 3459 231
1287 3392 1373 3480 sqq.)
1385 3394 1424 3482 ⁸).

262 3619 290 3684 1)
304 3636 327 3670 r.
344 3618 461 3684 limburg
479 3619 609 3677 Brourrer,
629 3617 739 3667 Histoire
755 3617 784 3667 de
802 3615 826 3665 la
842 3615 987 3665 cirilisaticu
1005 3613 1095 3666 morale
1112 3617 1137 3665 et
1156 3611 1281 3680 religiosae
1297 3614 1338 3664 dea
1352 3614 1428 3664 Gracc

229 3699 294 3751 ron
313 3701 349 3750 v1
365 3718 388 3767 p.
407 3702 450 3750 ὅθι
479 3698 546 3751 ‚bien
568 3715 614 3765 qna
633 3703 733 3750 muveut
749 3698 847 3766 Jupiter
861 3696 1004 3762 l'amporte,
1025 3695 1135 3748 l'auancc
1156 3698 1185 3748 da
1202 3696 1226 3746 la
1242 3695 1330 3748 sooidtd
1345 3695 1425 3748 divino

230 3787 266 3834 ac
281 3781 437 3834 l'anarcbie.”

267 3866 295 3932 2)
309 3867 365 3916 vid.
383 3869 464 3918 annot.
483 3868 508 3916 b.

264 3948 291 4015 8)
309 3949 393 4014 Itaque
412 3950 480 3998 cavat
502 3964 532 3999 na
549 3947 643 3999 moenia
659 3947 761 3998 Troiana
777 3947 833 3996 anto
849 3948 944 4012 tempus
965 3945 1124 3996 constitutum
1140 3942 1214 4012 (cnr,
1232 3939 1320 4011 alem)
1338 3962 1426 4014 expug-

231 4035 317 4083 nentur
339 4031 384 4096 qil
407 4032 459 4082 XX.
484 4032 531 4092 80,
553 4031 613 4082 ΠΙ
637 4029 686 4083 ld'l
708 4033 732 4080 at
754 4029 866 4096 partin),
890 4031 915 4079 at
939 4032 965 4078 ut
988 4027 1080 4094 Argivi.
1097 4030 1195 4079 adverso
1221 4027 1303 4078 Marta
1319 4033 1426 4096 pugnent

233 4115 308 4176 (vm
326 4113 357 4166 'lb
376 4117 439 4180 sqq.)
456 4113 536 4164 dirum
552 4117 671 4164 torrorem
689 4111 720 4162 iis
737 4111 832 4162 incutit.

264 4197 293 4262 4)
311 4195 384 4246 Velut
401 4196 427 4246 in
444 4194 543 4262 praebia
559 4194 667 4244 adbibita
684 4193 753 4244 libra.
772 4195 863 4244 Rursus
878 4192 987 4243 homines
1004 4192 1131 4259 aliqnando
1147 4191 1191 4242 lati
1206 4193 1301 4244 deant·
1315 4209 1426 4261 praeran-

233 4277 297 4328 siose
319 4279 437 4328 divinam.
461 4277 500 4329 Cf.
517 4277 655 4328 notlnirnna
675 4292 708 4326 vs.
725 4276 762 4327 bis
777 4275 947 4342 pronuntiatur
962 4272 1069 4326 tecum
1085 4271 1150 4337 lm
1168 4273 1208 4324 ἴτ’
1223 4272 1253 4324 tv
1267 4275 1327 4324 ποτ’
1342 4273 1426 4340 ΜΛ)

233 4357 310 4419 Ἴλιος
326 4361 371 4422 lm.

263 4443 290 4506 b)
306 4442 409 4494 Videtur
423 4446 504 4494 umen
519 4442 618 4509 Jupiter
633 4441 776 4507 Sarpedonis
792 4443 895 4491 mortem
911 4439 1057 4507 aliquamdiu
1075 4437 1173 4490 didarre
1187 4437 1301 4506 potuisse.
1328 4442 1348 4491 Δ
1366 4455 1422 4508 pro·

228 4524 306 4592 posito
326 4540 383 4575 raro
405 4524 499 4576 desistit
519 4525 750 4583 adscensumue,
772 4538 802 4573 na
818 4521 919 4589 reliquis
936 4522 982 4573 diis
998 4521 1133 4588 exemplum
1151 4521 1191 4572 det
1208 4521 1316 4574 violandi
1336 4523 1425 4586 μοίρας
