3422 5362
792 435 854 500 149

230 617 394 684 doctrinae
427 616 518 682 nullo
554 618 699 685 adhibito
734 619 915 685 discrimine
947 619 1094 686 omnibus
1122 620 1273 705 sophistis
1304 621 1419 687 ascribi
1464 681 1468 688 .

225 726 346 790 solenti
360 722 388 811 ¹)

271 829 417 897 Callicles
448 835 555 897 autem
586 853 652 897 non
684 833 778 897 modo
803 853 869 896 non
891 833 1036 918 sophista
1059 837 1127 899 erat
1150 833 1205 898 sed
1226 833 1265 898 iis
1289 853 1419 918 prorsus

227 937 388 1003 dissimilis
410 937 459 1003 vir
481 937 631 1022 politicus
653 941 755 1003 totam
779 959 888 1003 eorum
908 943 1008 1004 artem
1030 939 1223 1024 despiciebat
1233 937 1269 1025 ⁸).
1295 938 1419 1024 Injuria

225 1065 296 1108 eum
316 1043 418 1108 Zeller
437 1045 472 1107 in
491 1065 624 1108 numero
644 1044 858 1129 sophistarum
879 1043 1001 1110 habuit.
1020 1045 1188 1130 Sophistae
1207 1047 1290 1110 enim
1312 1044 1418 1122 suere,

224 1153 261 1214 ut
283 1149 368 1234 dixi,
385 1150 566 1235 juventutis
589 1153 810 1236 praeceptores
833 1172 968 1236 quorum
992 1151 1175 1236 paucissimi
1199 1150 1419 1236 philosophiae

223 1276 352 1342 operam
388 1255 526 1332 dabant,
560 1254 708 1321 Callicles
742 1260 849 1321 cuam
882 1277 984 1341 neque
1012 1256 1082 1321 fuit
1106 1261 1294 1342 praeceptor
1316 1277 1419 1341 neque

221 1360 442 1446 philosophiae
470 1383 600 1446 operum
623 1362 721 1427 dabat
742 1362 963 1447 sophistasque
986 1385 1097 1429 omnes
1121 1363 1294 1428 deridebat.
1327 1363 1419 1429 Nihil

225 1470 253 1534 ei
284 1467 346 1534 fuit
375 1490 446 1532 cum
484 1467 548 1533 illis
579 1468 642 1532 nisi
676 1469 762 1552 quod
794 1468 966 1554 aliquando
996 1491 1049 1534 eos
1068 1469 1208 1546 audivit,
1229 1469 1362 1534 fortasse
1383 1471 1420 1533 ut

225 1557 350 1640 dicendi
377 1573 467 1638 fieret
495 1573 624 1658 peritus.
658 1572 817 1638 Videntur
847 1575 926 1638 mihi
958 1574 1013 1660 qui
1044 1575 1143 1646 huius,
1168 1575 1344 1640 sententias
1367 1596 1419 1640 so-

225 1680 340 1765 phistis
371 1679 537 1745 ascribunt
567 1679 720 1744 simillimi
749 1681 868 1745 essaei
892 1681 946 1764 qui
965 1679 1214 1766 Cyrenaicorum
1234 1680 1418 1757 mollitiem,

225 1787 460 1872 Megaricorum
504 1807 624 1870 nugas,
656 1783 850 1869 Cynicorum
885 1785 1118 1871 impudentiam
1154 1767 1278 1852 Socrati
1303 1807 1418 1871 expro-

225 1892 340 1958 braret.

270 1998 339 2064 »Ac
369 1998 466 2064 Polus
492 2003 601 2064 tamen
624 1999 660 2063 in
692 1998 907 2082 sophistarum
940 2021 1073 2064 numero
1105 1999 1272 2064 habendus
1296 2003 1353 2064 est.
1387 1998 1420 2064 Is

226 2110 332 2170 autem
357 2104 501 2169 defendit
523 2125 631 2189 regem
652 2105 839 2188 Persarum,
852 2106 1127 2189 quippeomnium
1139 2106 1418 2190 potentissimum,

225 2211 500 2295 Archelaumque,
533 2211 589 2296 qui
620 2233 677 2296 per
708 2210 884 2275 multifaria
914 2211 1032 2276 scelera
1058 2211 1191 2296 imperio
1215 2211 1420 2276 Macedoniae

223 2317 345 2401 potitus
376 2317 436 2401 sit,
463 2318 608 2382 omnium
640 2317 807 2381 hominum
838 2316 1038 2382 felicissimos
1069 2339 1136 2382 esse
1166 2318 1418 2402 praedicandos”

225 2421 332 2507 (Plato
362 2422 461 2507 Gorg.
494 2443 548 2508 pg.
582 2421 802 2487 liud-471
817 2421 870 2508 D).
906 2423 1050 2488 Primum
1080 2424 1213 2488 obsone
1243 2423 1356 2488 Polum
1380 2423 1419 2488 iis

226 2551 307 2612 non,
331 2531 367 2594 ut
385 2529 462 2595 fecit
474 2528 638 2614 Callicles,
653 2551 808 2594 summam
821 2529 974 2594 virtutem
986 2530 1125 2595 tribuere
1137 2552 1245 2595 verum
1259 2552 1418 2594 summam

225 2634 429 2713 felicitatem,
452 2658 576 2700 summa
600 2635 758 2719 injustitia
780 2636 954 2719 quaesitam
975 2637 1042 2720 (pg.
1069 2637 1132 2701 471
1149 2635 1201 2721 Α).
1226 2636 1309 2700 Tum
1328 2636 1418 2713 vide,

224 2761 358 2824 quaeso,
377 2741 456 2826 quid
474 2745 665 2828 respondeat
682 2740 831 2807 Socrates
848 2743 916 2826 (pg.
929 2742 995 2806 472
1009 2742 1053 2825 A)
1077 2741 1235 2827 »Prope
1259 2762 1416 2823 omnes,

223 2846 348 2931 inquit,
380 2845 708 2912 Athenienses
739 2852 783 2911 et
805 2847 1057 2932 peregrini
1081 2847 1175 2912 tibi
1198 2846 1350 2912 hacin
1373 2868 1419 2911 re

224 2953 559 3038 consentient;
591 2953 618 3018 si
645 2954 693 3019 vis
721 2975 771 3018 mc
802 2953 954 3018 adhibitis
984 2953 1119 3019 testibus
1147 2954 1263 3018 erroris
1284 2953 1418 3018 warin-

225 3080 313 3137 cere,
337 3059 396 3123 tibi
419 3063 516 3124 testes
539 3061 676 3125 aderunt
699 3059 808 3125 Nicias
830 3058 976 3124 Nicerati
998 3059 1021 3124 f.
1045 3063 1078 3124 et
1101 3058 1258 3125 tratres..
1273 3107 1304 3136 .,
1328 3057 1418 3122 Aris·

224 3168 361 3230 tocrates
383 3164 491 3232 Scellii
511 3164 563 3252 f.³)
577 3215 585 3232 .
599 3215 606 3233 .
622 3214 652 3250 .,
678 3169 747 3230 tota
771 3163 901 3229 Periclis
924 3167 1058 3230 domus.
1074 3214 1081 3228 .
1096 3213 1127 3230 ..
1147 3164 1198 3229 vel
1216 3165 1279 3228 elia
1297 3164 1418 3229 familia

224 3292 457 3356 quamcumque
488 3293 505 3335 c
537 3270 659 3336 civibus
689 3272 806 3356 eligere
838 3271 1007 3337 volneris&
1035 3270 1109 3337 Jam
1130 3291 1248 3354 quaero
1267 3291 1330 3354 quo
1346 3271 1418 3356 jure

226 3398 349 3442 morum
373 3379 539 3462 corruptor
562 3377 719 3443 habeatur
743 3376 904 3461 sophista,
929 3377 985 3461 qui
1009 3375 1090 3440 nihil
1113 3376 1226 3440 doceat
1248 3376 1310 3440 nisi
1332 3375 1418 3461 quod

225 3483 382 3565 placuerit
401 3483 586 3567 justissimis
599 3483 792 3548 Graecorum
807 3483 869 3548 huc
882 3505 981 3567 usque
992 3503 1114 3566 semper
1125 3481 1278 3547 laudatis!
1294 3479 1418 3556 Quaero

226 3588 342 3653 deinde
364 3610 474 3654 annon
499 3590 632 3654 eandmn
658 3590 700 3654 ob
720 3610 846 3653 causam
870 3592 1119 3653 consentaneum
1143 3587 1185 3651 sit
1207 3586 1416 3672 Protagoram

226 3697 258 3758 et
280 3693 452 3758 Prodicum
472 3695 611 3781 optimos
632 3716 756 3759 morum
782 3716 841 3759 em
855 3716 872 3758 e
884 3719 905 3758 n
919 3696 1112 3758 datores
1132 3691 1261 3770 haberi,
1281 3714 1417 3778 quorum

226 3799 346 3864 scilicet
368 3801 552 3866 noverimus
577 3805 748 3885 praecepta
767 3800 870 3865 multo
889 3799 1018 3884 puriora
1037 3819 1133 3883 quam
1152 3797 1210 3862 illa
1224 3797 1418 3882 justissimo-

225 3926 295 3970 rum
318 3905 564 3972 Atheniensium
590 3909 760 3991 dogmata!

270 4010 339 4077 ,At
368 4033 426 4097 per
449 4010 608 4077 rhetorica
634 4011 770 4077 artificia
794 4011 902 4076 omnia
923 4009 1110 4096 perturbare
1132 4012 1166 4074 et
1188 4013 1327 4075 evertere
1351 4012 1419 4076 stu·

259 4234 286 4297 1)
303 4233 410 4284 Omnino
426 4234 458 4284 cl.
476 4234 551 4284 crore
570 4234 636 4284 Hirt.
655 4233 682 4283 ol
698 4234 800 4292 Graece,
820 4233 956 4284 Nes-Yorh
974 4233 1040 4284 1888
1053 4237 1112 4284 torn.
1127 4233 1166 4282 Ill
1183 4247 1221 4297 pg.
1236 4233 1286 4282 428
1300 4247 1366 4297 sqq.⁸
1381 4230 1421 4284 nht

226 4314 292 4364 docte
316 4329 410 4378 quoqm
431 4314 529 4381 exponit
545 4329 594 4364 nou
613 4319 664 4365 tum
682 4315 754 4364 vilem
772 4329 821 4364 cnse
839 4314 1011 4380 'thrasymachi
1028 4315 1162 4366 doctrinam
1178 4329 1205 4362 ιο
1222 4312 1342 4378 plerisque
1358 4313 1421 4364 vide·

226 4397 291 4454 aton
310 4395 360 4446 vid.
377 4397 440 4461 apnd
458 4412 497 4448 mc
514 4397 579 4447 intra
595 4413 635 4462 pp.
655 4397 712 4448 181.

260 4477 575 4545 ”wama

262 4563 288 4622 8)
305 4559 350 4608 Vir
368 4559 525 4621 laniatores,
544 4561 585 4627 qui
604 4561 628 4610 in
648 4560 711 4612 bello
730 4560 929 4626 Peloponnesiaco
946 4561 1023 4614 inulta
1040 4559 1160 4628 praeclare
1176 4558 1256 4623 gessit.
