3408 5360
785 457 827 521 55

260 639 379 705 Verum
403 640 465 704 aliu
487 640 521 704 in
545 639 675 725 regione
698 640 848 706 Graeciae
870 641 905 706 in
926 642 1058 707 similem
1079 643 1270 708 sententiam
1285 644 1400 732 ,incur-

211 748 320 815 rimus.
343 745 571 833 Epicharmus,
596 748 734 813 comicus
757 746 947 826 Siciliensis,
970 749 1052 814 altar
1069 749 1277 834 philosophus
1296 751 1400 816 sceni-

212 875 286 934 cus,
319 857 358 920 de
388 858 460 918 ortu
492 856 524 918 et
556 857 658 919 morte
687 854 856 939 scripserat
885 854 986 940 (Plut.
1018 853 1146 921 (lonsol.
1171 859 1212 920 ad
1234 857 1343 943 Apoll.
1367 881 1399 942 p.

211 961 275 1025 110
289 962 334 1047 A)
357 959 533 1040 νουνεκρθθνρ
559 961 610 1025 xci
637 961 763 1041 διεκρίθη
790 959 842 1024 uei
866 961 1014 1040 οὶπιῑνθεν,
1040 959 1104 1027 ὅθεν
1127 959 1191 1037 ἦνθε
1217 963 1330 1050 πάλιν,
1352 969 1399 1042 γῖι

206 1067 264 1146 uir
287 1068 330 1140 sis
354 1073 439 1152 γᾶν,
464 1073 588 1145 πνεῦμα
613 1068 639 1132 θ’
663 1064 733 1132 rivo.
760 1070 791 1133 πθ
815 1068 907 1133 τῶνδε
929 1069 1092 1148 χαλεπῶς
1120 1069 1186 1134 οὐδὲ
1209 1067 1275 1134 ἕν.”

253 1173 466 1260 Epicharmus
498 1175 596 1260 vulgo
625 1175 765 1240 creditur
795 1175 1015 1260 Pythagoreae
1047 1175 1234 1260 disciplinae
1263 1183 1401 1244 sectator

208 1280 322 1358 fuisse;
357 1302 417 1346 nec
451 1302 516 1345 nou
547 1280 583 1344 in
606 1281 656 1345 his
680 1280 783 1346 Zeller
805 1282 872 1366 (pg.
897 1283 978 1368 462)
1001 1281 1089 1347 ridet
1110 1282 1400 1369 ›Pythagoreische

208 1387 398 1466 Einflissse¹’,
430 1387 491 1452 hac
521 1387 655 1452 fortasse
687 1390 726 1451 de
753 1409 847 1452 causa
873 1390 959 1473 quod
986 1387 1021 1453 hi
1048 1388 1171 1454 animas
1195 1390 1306 1457 relicto
1367 1413 1400 1455 r·

209 1516 287 1580 pore
320 1495 356 1559 iu
391 1493 517 1559 aethere
551 1493 746 1559 circumferri
776 1493 948 1559 credebant
962 1493 1004 1581 1),
1040 1498 1121 1560 teste
1155 1495 1248 1563 Alex.
1285 1497 1312 1562 P
1345 1498 1399 1582 yh.

209 1603 311 1686 (apud
341 1599 434 1685 Diog.
469 1599 505 1667 L.
538 1599 631 1665 VIII.
657 1602 724 1686 31).
748 1599 907 1683 indagare
930 1604 1112 1685 poteramus
1136 1605 1243 1666 utrum
1268 1610 1400 1689 uterque

208 1711 304 1794 poeta
337 1707 471 1772 fortasse
494 1729 511 1772 e
534 1706 687 1772 doctrinis
723 1706 870 1792 Orphicis
906 1707 1064 1785 hauserit,
1100 1730 1179 1792 quas
1213 1708 1400 1794 Euripidem

208 1813 392 1898 frequenter
410 1833 657 1878 commemorare
680 1814 832 1891 vidimus,
857 1813 1078 1898 Pythagoreos
1102 1821 1208 1879 autem
1229 1814 1321 1881 valde
1340 1813 1399 1880 ho·

208 1941 339 1985 nemeae
358 1924 485 1984 constat
497 1919 542 2006 2ρ,
564 1942 606 1984 an
622 1919 826 1984 Atheniensis
839 1922 933 2004 poeta
945 1919 1140 1986 Siciliensem
1151 1920 1296 1986 imitatus
1307 1921 1349 1986 sit
1361 1921 1397 2007 ⁸).

208 2026 270 2093 Sed
290 2027 367 2092 satis
387 2029 436 2092 est
447 2048 637 2092 consensum
650 2029 786 2091 notasse.
800 2025 832 2090 N
833 2048 885 2090 am
899 2027 994 2091 etiam
1006 2027 1075 2091 sine
1088 2031 1200 2091 mutuo
1211 2028 1399 2094 commercio

209 2136 424 2198 consentanea
435 2132 574 2198 inveniri
585 2132 678 2198 facile
690 2133 841 2218 explicari
852 2135 966 2217 potest.
981 2132 1233 2198 observantibus
1245 2139 1399 2218 quantam

209 2239 434 2324 cognationem
462 2239 498 2304 in
521 2239 675 2322 religione
697 2243 731 2305 et
751 2238 909 2305 institutis
933 2243 1044 2323 gentes
1068 2240 1197 2324 regione
1220 2242 1324 2305 aetate
1347 2241 1399 2305 in·

208 2345 304 2430 genio
324 2344 554 2410 diversissimae
574 2346 715 2411 habeant
733 2346 794 2412 hac
809 2345 878 2410 sola
889 2347 928 2410 de
940 2367 1034 2411 causa
1045 2347 1132 2430 quod
1144 2368 1268 2430 omnes,
1281 2347 1399 2432 quippe

209 2452 375 2518 societates
398 2452 572 2528 humanae,
596 2452 805 2517 humanitatis
824 2453 1013 2536 quibusdam
1033 2453 1158 2538 legibus
1178 2453 1399 2519 communibus

208 2559 400 2625 constrictae
423 2564 513 2634 sunt,
535 2560 677 2644 profecto
698 2581 765 2624 nou
782 2560 898 2624 mirum
917 2563 1024 2643 potest
1042 2559 1142 2624 videri
1161 2562 1241 2624 duos
1259 2559 1398 2626 eiusdem

209 2666 316 2751 gentis
335 2665 479 2731 homines
499 2666 671 2750 aliquando
691 2667 860 2752 separatim
880 2668 913 2729 et
934 2665 1003 2730 siue
1014 2666 1196 2731 imitatione
1207 2667 1332 2732 easdem
1344 2689 1398 2734 co-

208 2773 380 2856 gitationes
399 2771 578 2857 protulisse.
600 2773 641 2850 li,
659 2773 714 2858 qui
726 2771 937 2837 absimilibus
949 2772 1084 2838 exordiis
1096 2772 1230 2858 proiecti
1242 2772 1399 2838 similibus

209 2877 386 2942 rationibus
406 2881 559 2962 utuntur,
579 2881 755 2944 necessario
775 2880 815 2943 ad
831 2879 949 2943 similes
968 2879 1189 2944 conclusiones
1202 2880 1398 2965 pervenient.

253 2983 365 3070 Neque
397 2985 489 3050 video
512 3007 568 3050 cur
591 2985 740 3050 omnibus
764 2985 865 3050 modis
888 3007 947 3050 nos
971 2990 1092 3051 vertere
1117 2989 1150 3051 et
1171 2989 1319 3072 torquere
1343 2987 1398 3052 de·
1496 3007 1500 3014 ’

210 3091 338 3157 beamus
360 3094 398 3155 nt
419 3094 550 3157 tandem
570 3091 798 3176 investigemus
817 3091 973 3175 aliquem,
994 3113 1089 3178 quem
1110 3091 1278 3176 Euripides
1298 3093 1398 3157 servi-

242 3270 269 3335 l)
286 3271 356 3336 Quod
374 3272 477 3336 pressius
494 3271 583 3320 reierre
600 3271 695 3320 videtur
713 3271 777 3320 aliud
795 3270 933 3334 Epicharmi
949 3271 980 3320 fr.
998 3287 1012 3319 a
1030 3271 1152 3321 Clemente
1168 3271 1207 3320 Al.
1225 3272 1357 3322 servatum:

439 3352 546 3415 εὐσεβὴς
561 3354 605 3402 πθν
621 3356 675 3402 νοῦν
694 3354 810 3416 πεφυκὸς
827 3350 854 3401 οθ
873 3351 960 3411 πάθοις
976 3354 1000 3402 κ’
1010 3351 1079 3404 otto
1096 3355 1169 3402 κακὸν

440 3434 566 3485 »tartareis
577 3434 640 3485 ’Σίνιν
657 3437 687 3485 πθ
705 3437 804 3496 πνεῦμα
820 3433 930 3497 διομθνοι
948 3438 1008 3485 κατ’
1025 3434 1129 3498 οθριινθν.

241 3518 345 3568 Eandem
361 3533 410 3568 esse
426 3535 521 3570 eausam
537 3521 657 3586 suspicor,
674 3537 718 3570 eur
734 3519 812 3569 Zellar
829 3520 869 3585 (ll
885 3536 923 3585 pg.
944 3521 987 3583 17)
1005 3521 1033 3590 de
1047 3518 1181 3585 Euripideis
1195 3536 1253 3584 quas
1266 3523 1398 3570 tractamus

209 3601 331 3650 oeutentiis
352 3602 416 3651 dicat
443 3603 509 3652 ,θεον
524 3603 558 3652 sie
575 3602 648 3652 theils
664 3603 759 3652 auidis
777 3602 854 3652 lehre
871 3603 911 3652 des
929 3603 1082 3667 Anaxagoras
1099 3603 1147 3651 und
1165 3601 1308 3661 Archelaus,
1324 3601 1398 3652 theiis

209 3683 251 3732 sul
265 3683 585 3749 orphum-Pythagoricus
601 3684 830 3748 Uaherlieieruugca
846 3682 1047 3734 suruckvsisenf’

242 3768 267 3828 Β)
284 3766 515 3830 Μοπιμθιοχιθποοις
537 3768 652 3834 placitum
671 3767 785 3834 Orphicis
801 3769 926 3835 proprium
944 3773 1009 3828 erat,
1027 3769 1067 3818 sed
1084 3770 1212 3833 ignoretur
1228 3784 1286 3818 uum
1302 3769 1397 3834 praeter

208 3849 313 3914 mytbica
335 3850 377 3901 illa
397 3852 470 3900 etiam
486 3855 597 3914 φυσικῶς
614 3851 743 3917 quidquam
759 3851 788 3900 de
805 3855 883 3901 morte
899 3852 1040 3910 statuerint,
1058 3851 1096 3901 vel
1113 3851 1198 3902 saltam
1214 3849 1395 3916 disputaverint.

207 3931 412 3982 Commemoratur
433 3931 494 3982 liber
517 3933 637 3998 Orphieus
660 3931 771 3990 Φιιοιιιθ,
790 3949 803 3981 e
820 3947 867 3996 qao
884 3931 1014 3982 verisimile
1029 3937 1066 3982 eat
1082 3933 1236 3984 Aristotelem
1253 3931 1294 3995 (de
1310 3931 1398 3982 Auitus

208 4013 261 4071 Η
284 4029 322 4080 pg.
338 4016 388 4065 485
407 4015 440 4078 B)
465 4014 587 4064 rettulisse
604 4014 673 4065 haec:
700 4017 778 4065 τοῦτο
797 4011 824 4062 δὴ
841 4010 946 4063 πθπονθε
962 4013 1005 4064 sai
1022 4013 1034 4064 θ
1051 4011 1076 4065 ἦν
1094 4016 1148 4073 τοῖς
1166 4015 1289 4076 Ὀρφικοῖς
1306 4022 1398 4062 sam·

208 4092 290 4154 ριθνοις
311 4093 384 4145 ’θπιπι
407 4095 569 4160 abssconsi
590 4097 641 4159 γὰρ
662 4095 707 4154 τὴν
731 4095 818 4159 ψυχὴν
840 4091 868 4146 in
885 4098 931 4145 ποθ’
949 4096 1008 4148 liaeo
1026 4095 1127 4148 ιθοιθνοι
1144 4095 1312 4146 ἀναπνεόντων
1327 4100 1398 4158 Φερο-

207 4174 280 4236 ριθνιιν
304 4173 351 4227 ὑπὸ
378 4176 485 4240 ἀνέμων,
513 4179 574 4229 uude
600 4183 680 4228 terma
707 4179 770 4229 nihil
795 4179 976 4244 eoanuimun
999 4181 1062 4246 quod
1079 4196 1093 4231 a
1110 4179 1203 4244 vulgari
1220 4178 1331 4246 opinione
1346 4179 1398 4230 eius

207 4261 292 4310 aetatis
308 4261 412 4312 multum
429 4261 552 4330 discrepet.
573 4264 673 4328 iusuper
691 4263 759 4312 valde
778 4262 869 4312 iuoerta
886 4265 921 4312 eat
938 4263 989 4314 eiua
1005 4263 1061 4314 libri
1076 4263 1212 4315 auctoritas.

241 4344 270 4409 θ)
288 4343 363 4394 Valet
397 4345 447 4410 (pp.
472 4346 516 4412 bt)
537 4347 629 4395 confert
655 4345 760 4395 Lucretii
784 4347 900 4408 quaedam
917 4347 1042 4398 simillima
1059 4347 1085 4410 (I
1103 4345 1161 4405 tlt,
1180 4345 1208 4394 ll
1226 4345 1397 4408 uel-losa),

207 4443 268 4492 quae
285 4428 346 4478 uude
363 4437 432 4494 poeta
449 4430 570 4480 &manus
587 4429 701 4496 petiverit
718 4427 824 4494 reperire
842 4444 889 4478 nou
908 4432 984 4495 potui.
1003 4433 1025 4482 N
1029 4429 1105 4482 ullum
1120 4429 1185 4479 euim
1201 4431 1294 4480 exstare
1302 4427 1397 4478 uidetur

207 4509 384 4568 testimouium,
408 4527 455 4576 quo
472 4511 601 4576 Epicurus,
619 4511 686 4562 euius
703 4509 854 4575 disciplinam
872 4512 978 4561 numeris
995 4513 1092 4572 clausit,
1109 4527 1137 4562 aa
1155 4511 1262 4562 docuisse
1278 4511 1395 4562 mestar.

209 4593 358 4658 Quamquam
377 4596 481 4646 Munroe
498 4596 601 4644 affirmat
618 4595 682 4644 locos
699 4593 753 4642 illos
771 4592 869 4642 omniuo
887 4593 1016 4659 Epicurum
1034 4596 1146 4646 redolere.
