3418 5356
784 444 846 509 135

214 629 339 704 tenera,
364 625 450 692 vitae
473 645 641 692 aerumnas
660 629 803 692 noudum
824 632 971 713 experts,
994 629 1188 714 aliquamdiu
1211 631 1299 696 velut
1317 653 1409 698 caeco

215 734 345 800 horrore
367 733 480 799 mortis
500 736 588 799 mota
603 735 712 799 omnia
731 735 804 801 huic
823 735 886 801 luci
906 738 1082 821 postponit
1108 737 1210 813 Quare
1230 739 1406 804 cavendum

215 862 257 907 ue
294 841 329 906 iu
359 841 410 906 his
439 845 566 925 poetam
599 841 660 905 sibi
695 863 761 905 non
795 845 941 907 constare
971 847 1140 929 putemus3
1174 866 1249 910 nam
1278 845 1410 911 diversis

216 947 358 1034 personis
382 947 611 1012 convenienter
633 947 758 1012 diversa
780 948 906 1012 tribuit.

260 1051 379 1118 Verum
410 1052 473 1117 alia
501 1053 607 1137 potius
638 1053 786 1118 demiror.
819 1052 960 1119 Theseus
995 1055 1031 1119 in
1053 1053 1193 1140 Supplic.
1218 1057 1299 1142 (196
1322 1061 1405 1142 sqq.)

213 1160 299 1226 hauc
320 1159 420 1226 habet
439 1157 632 1224 orationem:
655 1159 760 1223 »dixit
777 1159 907 1244 quidam
927 1160 1112 1225 homiuibus
1132 1161 1227 1246 plura
1239 1162 1411 1248 malssup-

214 1271 320 1353 petere
342 1288 439 1352 quam
462 1265 566 1340 bona;
586 1285 646 1350 ego
667 1286 742 1330 vero
759 1266 952 1330 contrariam
972 1265 1156 1350 opinionem
1176 1271 1277 1333 tueor.
1297 1269 1409 1334 Laudo

217 1396 287 1440 aum
308 1375 402 1440 deum
419 1374 475 1457 qui
488 1377 525 1437 ut
536 1372 634 1436 vitam
648 1372 741 1436 nobis
753 1376 869 1437 aetatu
882 1373 1015 1438 confuso
1027 1373 1165 1438 ferarum
1179 1374 1412 1461 distingueret,

215 1481 352 1566 primum
376 1485 517 1545 mentem
543 1479 633 1544 nobis
653 1479 759 1556 dedit,
779 1480 893 1544 deinde
913 1480 1056 1564 linguam
1078 1483 1309 1547 sententiarum
1330 1485 1412 1550 indi·

215 1609 300 1664 cem,
321 1592 390 1652 tum
410 1587 528 1652 victum
550 1585 710 1669 segetibus
727 1586 921 1669 quaesitum;
936 1586 1159 1672 segetibusque
1171 1588 1313 1672 pluviam
1327 1589 1413 1654 fera-

214 1713 298 1769 cem;
319 1677 450 1777 insuper
468 1695 635 1777 tegmenta
656 1694 697 1756 sd
717 1692 888 1756 arcendum
908 1692 1030 1776 frigus,
1051 1698 1083 1758 et
1103 1694 1359 1778 navigationem,
1372 1701 1410 1759 ut

215 1799 384 1864 mercando
400 1821 438 1864 ea
456 1799 618 1883 acquirere
635 1819 799 1882 possemus
811 1798 926 1883 quibus
938 1799 1042 1884 patria
1055 1805 1172 1865 careat.
1197 1799 1284 1876 Quae
1296 1801 1410 1886 ignota

214 1909 291 1970 sunt
321 1927 424 1990 neque
446 1905 543 1989 plane
566 1909 599 1969 et
620 1904 785 1989 perspicue
809 1905 1048 1988 cognoscimus,
1074 1929 1112 1970 ea
1134 1909 1223 1971 vates
1246 1912 1412 1991 exponunt

214 2009 375 2076 flammam
410 2015 442 2075 et
477 2016 549 2076 exta
583 2015 761 2094 spectantes
795 2011 1001 2095 volucresque
1038 2010 1254 2078 observantes.
1292 2013 1410 2079 Nonne

214 2138 312 2202 quum
347 2118 443 2182 talem
475 2118 558 2182 vitae
588 2122 779 2201 apparatum
809 2120 887 2181 deus
918 2117 1011 2182 nobis
1044 2119 1243 2202 suppeditet,
1267 2120 1411 2184 luxuriae

214 2223 386 2308 indulgent
407 2224 430 2287 ii
452 2223 568 2307 quibus
592 2223 669 2286 haec
694 2243 759 2286 non
784 2223 989 2287 sufficianti”

259 2331 339 2406 Quid
363 2330 424 2395 sibi
447 2323 518 2394 vult
540 2330 618 2394 haec
643 2333 683 2393 de
706 2333 773 2392 vita
792 2328 933 2393 humana
952 2330 1151 2414 panegyrica
1170 2331 1291 2408 oratio,
1313 2352 1407 2414 quem

214 2437 302 2501 locus
338 2457 404 2501 non
435 2437 562 2520 poscit?
600 2435 736 2500 Videtur
766 2434 935 2520 Euripides
966 2435 1125 2500 oratoriae
1148 2436 1227 2500 artis
1250 2438 1408 2521 specimen

214 2545 304 2607 edere
334 2542 488 2619 voluisse,
514 2541 603 2606 nulle
626 2542 711 2605 enim
736 2543 810 2604 data
833 2541 924 2624 copia
946 2540 1031 2606 hauc
1053 2541 1288 2616 laudationem,
1319 2544 1406 2608 uude

214 2670 254 2714 ne
276 2648 482 2714 divinationis
504 2649 630 2733 quidem
656 2647 859 2730 praeconium
883 2648 991 2725 abest,
1012 2648 1154 2713 instituit
1174 2650 1252 2714 haec
1277 2652 1403 2713 tantum

214 2753 310 2820 verba
332 2754 512 2839 praelatus:

417 2860 541 2926 ἄλλοισι
565 2861 601 2933 δὴ
624 2859 742 2934 'adens'
765 2860 948 2936 ἁμιλληθεὶς
973 2860 1058 2941 λόγῳ
1082 2862 1196 2941 τοιῷδε.

258 2967 420 3043 Quantum
455 2968 520 3032 scio
554 2989 711 3052 nusquam
746 2969 832 3051 apud
867 2971 1013 3032 nostrum
1045 2968 1148 3032 simile
1170 2969 1248 3053 quid
1271 2968 1406 3051 legitur,

212 3074 258 3139 ita
278 3079 316 3139 ut
333 3075 458 3140 credam
478 3096 551 3140 eum
571 3073 743 3158 aliquando
763 3074 899 3159 experiri
920 3073 1057 3138 voluisse
1075 3074 1152 3159 quid
1171 3075 1206 3137 in
1219 3074 1280 3139 hoc
1292 3095 1409 3158 genere

211 3178 364 3246 fsoultate
398 3181 523 3246 dicendi
556 3181 687 3244 valeret.
722 3179 820 3256 Quam
855 3179 1100 3265 explicationem
1132 3186 1241 3245 tamen
1269 3200 1406 3264 urguere

213 3285 305 3360 nolo;
338 3287 475 3352 vidimus
505 3287 590 3352 enim
621 3308 718 3370 supra
748 3284 912 3370 Supplices
935 3308 955 3350 a
977 3286 1106 3371 reliquis
1138 3285 1255 3350 fabulis
1279 3284 1405 3349 differre

214 3390 275 3456 lide
305 3395 338 3458 et
368 3393 486 3478 pietate
514 3413 593 3478 erga
623 3393 699 3458 deos
729 3392 939 3476 incorruptis,
971 3393 1018 3456 ita
1047 3398 1085 3456 ut
1115 3390 1194 3456 haec
1216 3410 1343 3475 quoque
1368 3391 1407 3455 de

213 3497 278 3564 vita
308 3499 468 3565 sententia
498 3499 572 3564 huic
599 3498 726 3564 fabulae
762 3518 829 3562 nou
853 3497 936 3562 male
958 3498 1138 3564 conveniat
1178 3496 1405 3562 Abstineamus

213 3601 311 3688 igitur
341 3626 361 3669 a
389 3605 524 3670 molesto
554 3606 667 3669 ardore
698 3603 807 3668 omnis
838 3595 1036 3688 explicandi;
1069 3625 1144 3666 nam
1175 3607 1207 3668 et
1236 3602 1271 3666 in
1295 3600 1403 3666 multis

213 3709 283 3776 aliis
311 3712 552 3797 quaestionibus
586 3715 620 3776 et
642 3710 784 3796 profecto
806 3711 840 3776 in
865 3711 943 3788 hac,
967 3731 1048 3794 quae
1072 3713 1216 3774 versatur
1239 3708 1273 3774 in
1305 3729 1403 3792 expo·

215 3818 327 3883 uendis
366 3823 477 3903 poetae
514 3817 647 3902 ingenio
680 3819 713 3881 et
746 3815 1014 3901 cogitationibus,
1050 3817 1178 3900 oportet
1207 3835 1267 3882 nos
1297 3813 1405 3896 aliqua

212 3943 340 3990 nescire.

245 4133 362 4202 Verum
376 4159 457 4222 quae
468 4137 532 4203 fuit
543 4137 684 4224 vulgaris
695 4141 781 4224 apud
789 4137 928 4204 Graecos
940 4137 1051 4222 opinio
1058 4136 1098 4202 de
1104 4135 1172 4202 vita
1180 4133 1337 4200 humens?
1345 4135 1405 4202 Ni·

214 4241 259 4308 hil
269 4266 368 4330 prope
380 4266 488 4310 eornm
501 4245 658 4310 dictorum
671 4267 753 4331 quae
763 4268 802 4311 ex
810 4243 963 4330 Euripide
975 4242 1156 4308 rettulimus
1165 4262 1284 4306 novum
1293 4239 1405 4328 aad).

212 4345 370 4417 Homerus
389 4372 457 4419 non
477 4351 581 4418 solum
602 4363 680 4418 nota
699 4351 755 4416 illa
774 4351 932 4416 doliorum
952 4349 1134 4414 narratione
1145 4347 1292 4432 exposuit
1305 4346 1404 4412 vitem

289 4517 374 4528 ..ν-.-

246 4589 273 4652 1)
289 4589 324 4638 Oi.
342 4593 439 4640 omniuo
456 4587 522 4640 sub.
541 4589 592 4638 tior.
610 4587 649 4638 tit.
668 4587 709 4646 98,
727 4587 785 4646 lot.
805 4587 861 4636 190.
