3418 5356
862 451 905 516 78

288 636 480 722 sententias3
505 639 538 702 et
563 635 623 701 hae
647 635 770 701 ratione
793 634 913 700 fautum
938 638 1045 700 estut
1068 635 1207 720 aliquam
1228 635 1369 701 habeant
1387 634 1476 700 simi-

287 743 457 808 litudinem
481 764 553 808 oum
576 741 723 807 omnibus
745 741 809 806 illis
833 741 1019 807 eruditionis
1041 741 1198 806 subsidiis.

334 955 424 1033 Quod
450 977 549 1042 genus
569 955 816 1043 philosophandi
839 959 877 1020 ut
899 956 962 1022 elio
984 959 1122 1042 quodem
1146 956 1290 1042 exemplo
1302 957 1478 1037 illustrem,

288 1065 324 1128 in
355 1063 539 1128 memoriam
571 1065 684 1128 reduoo
716 1062 961 1147 epicharmum,
994 1066 1121 1148 poetam
1153 1063 1311 1142 Siculum,
1342 1065 1397 1149 qui
1420 1087 1478 1150 op·

288 1170 366 1234 time
394 1191 467 1234 oum
498 1169 650 1254 Euripide
682 1173 788 1254 potest
817 1169 1009 1254 comparari,
1040 1169 1116 1235 lieet
1145 1191 1213 1234 non
1243 1172 1399 1256 tragicam
1422 1171 1477 1236 aed

289 1275 440 1341 oomioam
464 1275 590 1340 Musam
613 1275 755 1342 coluerit.
779 1275 903 1340 Pariter
924 1275 1010 1340 enim
1033 1279 1129 1360 atque
1152 1275 1317 1361 Euripides
1330 1279 1475 1362 ejuren-

289 1385 357 1447 tute
380 1381 600 1466 philosophiae
624 1380 789 1464 studebat,
810 1382 857 1446 ita
873 1384 980 1446 temen
994 1384 1031 1446 ut
1042 1403 1164 1467 semper
1177 1383 1279 1468 magis
1290 1387 1372 1449 esset
1383 1387 1482 1469 poeta.

290 1511 386 1574 quam
403 1488 630 1574 philosophus,
643 1509 745 1573 neque
757 1509 908 1572 umquam
922 1491 1039 1553 oertem
1052 1497 1234 1574 sequeretur
1247 1490 1427 1556 doctrinam
1440 1489 1477 1578 ¹).

290 1595 404 1661 Fertur
426 1595 521 1660 etiam
545 1594 580 1658 in
601 1595 778 1659 comoedias
797 1617 869 1659 suas
889 1594 1006 1659 multas
1025 1595 1195 1660 inseruisse
1213 1597 1387 1662 sententies
1407 1596 1479 1682 phi-

230 1703 233 1709 “
291 1702 486 1786 losophioas‚
513 1739 553 1750 —
579 1723 712 1785 quarum
737 1701 822 1764 inter
841 1700 1022 1784 fragmenta
1042 1705 1165 1766 servata
1185 1701 1378 1767 documenta
1397 1724 1480 1767 non·

291 1807 382 1873 nulla
401 1807 572 1885 hebemus,
594 1844 634 1855 -
652 1828 733 1891 quae
745 1807 934 1891 posteriores
946 1808 986 1871 ad
998 1807 1122 1872 easdem
1135 1808 1272 1892 ineptias
1284 1809 1481 1874 induxerunt

293 1936 330 1980 ao
362 1915 537 1979 sentehtiae
568 1913 758 1998 Euripideae
771 1912 815 1999 ¹)!
849 1913 944 1978 Illum
976 1935 1042 1978 non
1074 1913 1180 1978 minus
1204 1937 1299 1999 quam
1323 1915 1481 2000 tragicum

293 2023 437 2086 nostrum
471 2019 655 2105 philosophi
686 2019 835 2084 admirati
867 2023 943 2084 sunt
956 2013 998 2105 ³),
1030 2022 1063 2084 et
1092 2020 1217 2085 videtur
1240 2021 1371 2086 omnino
1395 2021 1483 2086 velut

293 2126 462 2210 Euripides
476 2127 502 2213 ⁴)
527 2125 624 2192 fuisse
647 2129 742 2212 poete
766 2125 870 2191 omnis
893 2125 1043 2191 scientiae
1066 2148 1165 2212 aeque
1184 2115 1343 2191 studiosus
1356 2127 1393 2212 ⁵).

325 2385 352 2446 1)
371 2383 400 2432 V.
418 2383 496 2432 Zeller
512 2382 545 2432 11.
565 2399 603 2448 pg.
622 2383 653 2433 Βῆ
674 2382 754 2432 ,ΑΙΙω
772 2396 1047 2446 zusammengeaommea
1063 2381 1134 2430 seheu
1152 2381 1196 2430 uir
1213 2381 1276 2430 wohl
1294 2381 1346 2430 dass
1364 2381 1480 2447 Epichar-

293 2481 346 2516 mus
363 2466 407 2514 der
423 2464 577 2530 Philosophia
593 2467 671 2514 seiuer
687 2464 739 2514 Eeit
756 2463 824 2513 nieht
839 2464 916 2512 fremd
932 2461 1007 2522 hlieh,
1022 2463 1128 2526 augleieh
1143 2462 1200 2512 aher
1214 2464 1274 2513 aueh
1289 2463 1342 2512 dass
1356 2479 1383 2512 er
1398 2463 1481 2513 keiner

292 2546 378 2597 Sohule
400 2546 587 2596 aussehlieaslieh
610 2547 726 2611 auhieng,
750 2547 851 2595 eundern
871 2561 917 2594 von
935 2546 980 2594 den
998 2545 1145 2610 Meinungen
1162 2545 1240 2595 seiner
1256 2545 1481 2611 philosophirenden

292 2629 457 2694 Zeitgeuosseu
478 2629 504 2678 in
527 2629 627 2678 freierer
651 2629 729 2678 Weise
746 2629 786 2677 fdr
802 2628 852 2677 siah
868 2627 1003 2676 verwandte
1018 2643 1064 2676 aras
1081 2628 1133 2677 ihm
1151 2628 1290 2692 Beaehtung
1308 2644 1337 2678 aa
1354 2628 1482 2678 verdienen

293 2709 399 2761 aehian.”
418 2711 454 2760 Ol.
471 2710 544 2759 etiam
561 2711 582 2761 1.
601 2727 640 2775 pg.
658 2711 714 2759 460.
733 2710 874 2773 Bernhardy
892 2709 927 2758 II.
945 2710 961 2758 2
978 2724 1017 2773 pg.
1037 2709 1092 2759 tal.

327 2794 355 2858 2)
373 2792 463 2841 Bernh.
479 2791 536 2840 ibid.
553 2807 591 2857 pg.
612 2792 659 2840 523
684 2792 792 2840 ‚Neaera
814 2790 925 2839 udhnteu
942 2791 994 2839 dass
1009 2806 1036 2839 er
1053 2790 1116 2840 aeine
1134 2792 1276 2841 Comoedien
1293 2807 1347 2842 aum
1365 2791 1481 2842 Verateolr

294 2877 337 2925 dar
353 2874 557 2940 Pythagorieoheu
575 2876 682 2937 Dogmen
699 2873 808 2937 gemacht
824 2870 919 2922 habes*

329 2957 356 3022 3)
371 2955 428 3005 ibid.
454 2971 492 3020 pg.
516 2955 573 3005 524.
591 2955 668 3004 Zeller
686 2955 707 3004 Ι.
725 2970 763 3020 pg.
781 2955 831 3003 460
847 2970 882 3018 sq.
899 2955 989 3004 refutat
1002 2955 1122 3005 Alcimum
1136 2955 1199 3021 apud
1214 2956 1282 3020 Diog.
1296 2958 1323 3006 L.
1339 2957 1390 3006 111.
1404 2959 1433 3016 9.
1448 2973 1483 3022 sq.

293 3039 474 3089 contendentem
492 3037 618 3086 Platonem
634 3052 744 3101 magnam
760 3036 900 3102 discipliuae
917 3041 1010 3102 partem
1027 3037 1056 3086 ab
1074 3038 1216 3103 Epicharmo
1234 3039 1355 3104 recepisse.

327 3121 357 3185 4)
375 3119 481 3169 Observa
498 3135 614 3184 nusquam
631 3121 730 3169 fortasse
748 3120 837 3168 maiore
854 3119 932 3183 gratia
949 3135 1020 3184 quam
1038 3120 1064 3169 in
1081 3120 1196 3170 Sicilia
1211 3121 1350 3186 Euripidem
1363 3123 1484 3183 floruisse,

293 3203 360 3253 ouius
381 3218 462 3252 versus
483 3202 523 3266 qui
539 3203 627 3267 oaptivi
645 3202 799 3251 Athenienses
817 3202 854 3267 (in
871 3201 934 3251 bello
952 3203 1010 3266 Sia.)
1029 3203 1168 3252 memoriter
1185 3202 1309 3263 tenebant,
1327 3204 1438 3254 teruntur
1456 3203 1484 3254 ah

210 3341 213 3346 ,
294 3286 401 3336 hostibus
418 3285 502 3335 vinolio
519 3285 600 3334 emissi
616 3284 654 3334 vel
671 3284 790 3334 alimentis
807 3284 890 3333 reiecti
907 3299 956 3333 ease
973 3285 1047 3344 (Plut.
1066 3284 1092 3334 in
1108 3301 1129 3334 v.
1148 3285 1200 3334 Nio.
1217 3301 1237 3336 o.
1255 3286 1309 3351 29).
1363 3294 1365 3298 ’

331 3369 359 3434 5)
376 3368 421 3417 lon
437 3383 532 3432 quoque
549 3367 622 3416 Ohius
639 3370 709 3432 poete
727 3366 832 3430 tragicus
850 3365 1014 3432 philosophiae
1031 3366 1132 3416 studuit.
