3422 5362
302 593 446 680 exempla
481 593 541 658 sibi
554 591 755 680 [petiverunt.
783 593 918 659 Cantica
942 593 1090 660 omnihus
1114 593 1149 658 in
1174 616 1227 660 ore
1252 598 1342 676 sunt,
1366 598 1495 660 senten-

300 700 364 766 tiae
388 699 624 785 philosophicae
647 703 680 764 et
704 699 837 766 morales
858 699 974 784 ubique
996 700 1273 766 circumferuntur.
1298 699 1495 788 Chrysippus

300 809 339 874 iis
371 807 489 892 scripta
520 829 577 871 sua
601 806 759 890 opplevit,
786 807 954 890 scriptores
978 804 1154 871 Christiani
1173 829 1225 874 eas
1242 808 1494 893 frequentissime

301 913 411 978 citant.
438 912 575 976 Romani
598 933 670 976 eum
695 913 818 977 assidue
840 912 970 996 legunt,
991 912 1178 992 imitantur,
1200 916 1330 990 vertunt
1349 913 1493 978 barbare.

301 1020 426 1084 Ennius
456 1018 677 1103 philosophica
707 1019 862 1103 quaedam
886 1021 926 1082 ad
951 1019 1082 1082 verbum
1107 1020 1274 1104 expressit3
1302 1021 1346 1086 M.
1371 1018 1494 1086 Tullius

301 1146 428 1211 quoquc
450 1124 491 1189 ab
514 1146 550 1189 eo
573 1124 711 1208 plurima
734 1125 894 1210 praeclare
919 1125 1004 1188 dicta
1029 1124 1155 1202 laudat,
1181 1125 1358 1210 Latineque
1378 1126 1492 1203 vertit;

302 1231 501 1316 Quintusque
532 1230 630 1295 frater
661 1234 701 1294 ad
733 1231 882 1296 Tironem
907 1229 945 1294 dc
965 1252 1002 1295 eo
1027 1230 1154 1296 scribit:
1180 1231 1253 1296 »cui
1277 1234 1312 1296 tu
1336 1234 1493 1316 quantum

302 1341 411 1414 credas
429 1339 550 1414 nescio,
571 1357 630 1422 ego
650 1340 734 1402 certe
753 1338 897 1422 singulos
917 1359 1024 1402 versus
1044 1338 1171 1423 singula
1187 1338 1369 1403 testimonia
1380 1338 1492 1422 puto''.

304 1444 383 1510 Tum
406 1449 518 1529 poetae
541 1443 656 1528 tragici
679 1442 880 1529 Francogalli
903 1444 1016 1510 aetatis
1038 1445 1140 1508 multo
1160 1445 1358 1530 recentioris,
1381 1467 1493 1529 quarn-

302 1574 397 1636 quam
421 1573 520 1636 purae
543 1551 620 1614 artis
643 1549 786 1636 exempla
809 1550 914 1636 potius
938 1573 954 1616 e
978 1553 1154 1615 oetetorum
1178 1552 1372 1636 tragicorum
1394 1551 1493 1616 Grae-

303 1679 411 1723 corum
435 1657 582 1743 operibns
602 1658 739 1742 petenda
760 1662 868 1736 erant,
889 1661 994 1722 tamen
1017 1656 1201 1742 Euripidem
1223 1658 1283 1724 sibi
1303 1658 1494 1723 imitandum

303 1786 370 1830 esse
387 1763 633 1841 intellexerunt,
657 1766 744 1847 quod
766 1764 807 1827 ad
830 1763 1040 1828 recentiorum
1066 1763 1232 1828 hominum
1245 1764 1495 1850 intelligentiam

304 1875 337 1934 et
359 1891 462 1935 mores
485 1870 615 1954 propius
639 1871 809 1933 accederat.

349 1978 512 2061 Integrum
539 1976 657 2040 librum
686 1975 788 2060 possit
818 1974 974 2061 complere
1006 1975 1104 2061 siquis
1135 1975 1297 2061 Euripidis
1321 1977 1494 2042 auctorita-

303 2086 369 2148 tem
401 2083 483 2166 apud
513 2085 656 2166 postcros
685 2081 878 2166 investigare
910 2085 942 2146 et
973 2082 1013 2146 ad
1045 2081 1204 2152 levissima
1228 2105 1325 2168 usque
1348 2085 1495 2170 persequi

303 2189 449 2254 voluerit.

349 2296 420 2382 Ego
443 2317 517 2360 vero
541 2295 638 2360 finem
663 2295 791 2360 tandem
815 2295 980 2380 imponam
1005 2296 1172 2381 scriptioni
1191 2318 1297 2375 meac,
1317 2319 1380 2382 qua
1399 2320 1490 2382 spero

306 2425 355 2466 me
378 2405 418 2468 ad
441 2405 695 2488 cognoscendum
718 2401 879 2486 Euripidis
903 2401 1067 2487 ingenium
1091 2402 1211 2487 aliquid
1235 2402 1416 2470 contulisse.
