3422 5362
633 1350 963 1437 THESES.

712 1599 879 1612 ΜΑΑΛΝΝΝΝ
892 1601 898 1611 x

789 1778 818 1846 1.

252 1922 343 1999 Quod
374 1923 409 1986 in
439 1923 617 1988 Heraclidis
641 1921 832 2008 Demophon
856 1946 915 2008 pro
938 1922 1060 1989 Theseo
1084 1923 1190 2008 prodit
1212 1921 1398 1987 Heraclida-

205 2067 277 2111 rnm
308 2050 480 2130 patronus,
512 2047 545 2111 id
571 2051 763 2131 argumento
788 2051 837 2111 est
859 2046 943 2110 hanc
966 2045 1108 2111 fabulam
1133 2049 1206 2130 post
1229 2043 1399 2110 Herculem

206 2165 366 2233 furentem
390 2170 424 2234 et
445 2167 610 2253 Supplices
633 2167 730 2233 faiam
753 2170 868 2233 actam.

781 2351 827 2418 Π.

253 2496 375 2582 Injnria
386 2519 417 2562 v.
430 2500 460 2561 d.
473 2496 651 2562 Stallhanm
665 2499 698 2560 et
709 2495 838 2561 Fischer
846 2498 965 2581 putant
976 2496 1061 2581 apud
1074 2495 1243 2561 Platonem
1256 2495 1292 2559 in
1304 2493 1400 2580 Apol.

208 2617 346 2684 Socratis
369 2626 435 2704 (pg.
460 2620 503 2683 26
526 2617 568 2704 Ε)
593 2619 643 2684 his
664 2618 785 2684 verbis:
807 2610 829 2683 ἃ
849 2620 1017 2704 (dogmata
1035 2619 1262 2704 Anaxagorae)
1282 2615 1400 2694 ἔξεστιν

208 2739 321 2826 ἐνίοτε,
354 2742 381 2806 ri
416 2741 498 2806 πάνυ
530 2744 666 2826 πολλοῦ,
695 2741 841 2822 δραχμῆς
875 2742 910 2806 ἐκ
939 2749 995 2816 τῆς
1028 2741 1202 2824 ὀρχήστρας
1227 2739 1401 2822 πριαμένοις

208 2862 389 2944 Σιοιιρατοοι
422 2868 626 2950 καταγελᾶν,
661 2863 715 2928 ἐὰν
741 2871 942 2944 προσποιῆται
971 2863 1081 2929 ἑαυτοῦ
1106 2859 1202 2942 εἶναι,
1226 2862 1401 2948 significari

207 2985 516 3070 repraesentationes
541 2985 720 3050 fabularum
745 2985 988 3072 Euripideamm
1007 2989 1041 3050 et
1060 2985 1377 3071 Aristophanearnm.

777 3167 839 3234 ΙΠ.

255 3311 482 3398 Aristophanis
517 3310 628 3378 Nubes
663 3313 697 3377 in
731 3335 826 3378 scena
859 3313 1042 3378 ceciderunt
1064 3312 1106 3378 oh
1129 3312 1239 3377 falsam
1265 3311 1403 3378 Socratis

210 3435 383 3522 imaginem
407 3435 441 3500 iu
465 3435 574 3500 fabula
594 3456 784 3520 expressam.

777 3617 837 3686 IV.

257 3761 285 3826 Ε
320 3762 468 3847 parabasi
504 3763 622 3828 Avium
654 3762 883 3847 Aristophanis
913 3765 1139 3847 argumentum
1175 3763 1306 3828 minime
1337 3764 1405 3829 leve

212 3885 279 3969 peti
314 3888 422 3970 potest
454 3885 494 3950 ad
518 3884 800 3949 demonstrandum
825 3883 1063 3968 cosmogoniam
1084 3883 1254 3970 Orphicam
1277 3887 1405 3961 συνήθη,

213 4028 295 4091 quae
321 4011 469 4084 vocatur,
495 4007 593 4070 aetati
616 4004 814 4072 Onomacriti
837 4005 1056 4072 ascribendam
1080 4027 1157 4072 esse.

790 4189 830 4256 V.

258 4333 295 4399 In
328 4333 451 4421 Hippia
475 4333 598 4398 minore
622 4333 710 4419 (inde
733 4353 828 4419 apg.
856 4335 920 4400 372
945 4337 1107 4421 usquead
1131 4334 1242 4421 finem)
1262 4333 1407 4402 Socrates

221 4457 301 4522 falso
326 4457 426 4522 utitur
450 4458 640 4542 argumento
663 4459 703 4520 ad
726 4455 929 4540 probandum
949 4480 1038 4542 enm,
1060 4458 1116 4544 qui
1128 4456 1273 4525 oensem
1285 4463 1410 4544 peccet,

219 4583 379 4664 praestare
403 4579 450 4658 ei,
473 4578 529 4664 qui
552 4577 672 4643 invitus
695 4583 811 4663 peccet.

1279 4704 1307 4750 ιι
