3418 5356
802 451 864 516 121

484 634 590 700 durias
612 631 728 714 ἄτομον
751 635 975 715 recuperatae

485 741 571 820 δέξαι
595 743 694 821 πλήρη
719 741 936 823 τροχνθιῖοαν.

488 847 526 914 τὺ
550 848 613 927 γὰρ
637 845 667 912 ἓν
690 872 725 912 τι
749 849 823 921 θεοῖς
847 855 910 920 τοῖς
933 845 1103 927 οὐρανίδαις

488 961 640 1034 σκῆπτρον
660 956 695 1020 rt
720 953 791 1027 Διὸς
816 951 1041 1036 peramplius

487 1059 613 1142 χθονίαν
636 1063 660 1124 θ’
682 1057 774 1141 Ἅιδη
797 1059 944 1142 μετέχεις
968 1062 1070 1142 ἀρχῆς
1090 1058 1126 1146 1).

235 1169 329 1235 Unde
347 1169 374 1232 si
393 1167 471 1232 certi
490 1166 572 1231 nihil
591 1165 674 1232 effici
694 1169 818 1252 potest,
838 1169 946 1231 tamen
966 1166 1069 1232 elucet
1088 1165 1230 1230 studium
1251 1186 1358 1230 earum
1378 1164 1428 1230 fa-

235 1275 401 1350 bularum,
425 1273 540 1359 quibus
563 1273 670 1337 variae
692 1276 822 1338 deorum
846 1293 1000 1358 personae
1019 1275 1059 1336 ad
1079 1295 1178 1337 unum
1200 1294 1319 1336 numen
1338 1293 1429 1337 rovo-

234 1386 366 1458 cantur,
397 1380 483 1465 quod
507 1402 527 1444 a
550 1379 713 1463 theologia
744 1381 878 1463 mystica
908 1379 1051 1463 profecto
1079 1399 1144 1442 non
1169 1377 1308 1443 alienum
1331 1375 1428 1464 osv).

235 1485 329 1552 Hanc
353 1508 419 1551 uon
443 1507 516 1549 raro
541 1484 582 1549 ab
605 1483 758 1569 Euripide
782 1486 894 1569 respici
917 1506 1013 1569 supra
1030 1485 1097 1568 (pg.
1121 1485 1164 1549 23
1184 1485 1245 1568 sq.)
1266 1482 1431 1549 nonnullis

233 1591 424 1658 testimoniis
447 1592 679 1668 demonstrari,
700 1591 815 1675 quibus
835 1591 895 1656 hoc
915 1591 986 1655 loco
1006 1593 1123 1655 addere
1141 1589 1221 1654 libet
1238 1590 1323 1673 quod
1344 1589 1431 1654 inter

233 1719 352 1784 paucos
381 1700 547 1783 poetarum
577 1698 784 1781 antiquorum
815 1697 928 1781 Zagrei
942 1697 968 1780 ³)
1000 1695 1144 1760 fabulam
1174 1694 1370 1780 significarit
1393 1694 1429 1758 in

232 1802 430 1870 Cretensium
452 1805 612 1881 dramate,
633 1804 667 1867 in
680 1826 743 1888 quo
755 1804 871 1869 chorus
883 1802 1054 1877 (loretum,
1070 1803 1141 1872 Διὸς
1156 1801 1266 1866 Ἰδαίου
1280 1807 1428 1886 μυστῶν,

232 1911 317 1974 vitae
348 1909 504 1996 Orphicae
535 1909 780 1995 descriptionem
810 1909 897 1974 canit
920 1931 939 1972 a
961 1908 1139 1993 Porphyrio
1164 1910 1321 1974 servatam
1350 1907 1428 1991 (vid.

233 2014 330 2080 Dind.
350 2016 388 2080 ir.
410 2015 475 2080 475
488 2025 530 2092 a).
552 2015 655 2091 Quare
675 2017 714 2080 de
734 2019 802 2080 tota
823 2015 934 2079 fabula
954 2018 1090 2079 testatur
1103 2014 1230 2080 Lobeck
1244 2014 1310 2099 (pg.
1326 2013 1427 2099 623):

234 2122 421 2206 »integrum
454 2122 480 2185 si
511 2123 687 2206 superesset
717 2143 863 2198 carmen,
896 2121 980 2185 clare
1002 2121 1135 2184 fortasse
1158 2119 1427 2203 intelligeremus,

232 2227 322 2291 illum
350 2227 507 2291 scenicum
532 2227 760 2311 philosophum
785 2248 850 2290 non
873 2226 1084 2310 Anaxagorae
1107 2224 1209 2290 solum
1234 2224 1428 2302 sententias,

233 2334 285 2397 sed
316 2333 524 2416 mysticorum
554 2333 649 2396 etiam
673 2333 728 2417 qui
753 2335 821 2396 tum
847 2331 1003 2396 dominati
1028 2333 1104 2395 sunt
1127 2333 1253 2395 decreta
1276 2330 1425 2394 sublimia

233 2438 407 2503 delibasse’¹
424 2439 458 2522 ⁴).

420 2662 439 2736 ἓ
462 2656 493 2720 8.
524 2652 691 2722 Conclusio.
715 2655 832 2720 Rerum
855 2656 1033 2718 diuinarum
1057 2653 1235 2718 obscuritas.

277 2825 323 2890 Ut
341 2825 450 2907 paucis
475 2825 625 2888 momoria
649 2827 789 2908 repetam
813 2845 895 2908 quae
917 2845 955 2886 ex
980 2822 1075 2886 huius
1098 2821 1212 2886 aetatis
1231 2820 1347 2885 fabulis
1359 2821 1425 2886 ool-

231 2931 382 3014 legimus‚
405 2931 610 2995 statuendum
635 2935 682 2994 est
703 2933 830 3013 poetam
854 2929 979 2993 circiter
1004 2926 1054 2992 01.
1076 2927 1573 2992 87descivisseasim-481—428

232 3035 375 3120 plicitute
405 3036 579 3121 priscorum
604 3036 786 3118 hominum,
812 3035 867 3118 qui
890 3055 965 3097 vera
987 3034 1165 3097 reverentia
1187 3033 1303 3096 imbuti
1328 3055 1430 3118 neque

232 3141 338 3205 omnia
355 3141 558 3226 intelligendi
577 3141 683 3225 cupidi
704 3141 779 3205 deos
798 3135 967 3224 populares
988 3138 1039 3222 pie
1058 3137 1215 3204 colebant.
1236 3136 1427 3203 Observavi-

231 3269 300 3312 mus
319 3248 447 3332 quidem
465 3248 501 3311 in
524 3246 725 3331 sequentium
747 3266 873 3331 quoque
884 3266 1043 3309 annorum
1055 3244 1173 3309 fabulis
1185 3243 1288 3308 multa
1299 3244 1426 3328 pietatis

264 3515 293 3580 1)
316 3516 410 3566 Prsller
435 3518 470 3566 ed.
496 3519 524 3577 1,
549 3535 587 3584 pg.
611 3517 643 3570 87
664 3521 734 3585 putat
755 3519 810 3606 hoo.
825 3519 918 3568 cantico
937 3519 1023 3584 respiat
1044 3518 1153 3583 mythum
1171 3517 1293 3567 Creticum
1312 3517 1427 3567 doloris

228 3600 340 3650 ducrum
356 3599 387 3650 ad
401 3600 502 3658 inieram
522 3601 641 3650 canticum
657 3602 721 3650 enim
735 3617 748 3650 ο
762 3601 914 3650 Cretensibus
928 3605 1065 3666 excerptum
1079 3601 1169 3658 videri,
1184 3601 1247 3664 quod
1270 3599 1333 3649 idam
1344 3599 1426 3650 Valok.

228 3680 366 3742 mujeearat.
391 3682 520 3732 Pausanias
543 3681 675 3740 11‚24‚4
699 3687 782 3732 narret
801 3683 825 3732 in
843 3683 947 3748 acropoli
966 3683 1037 3746 Argi·
1053 3698 1102 3731 erae
1120 3683 1188 3732 Joris
1206 3683 1360 3732 simulacrum
1381 3681 1425 3746 lig·

228 3778 310 3820 neum,
336 3764 399 3828 quod
417 3781 430 3812 a
448 3764 520 3813 Troia
537 3769 634 3830 raptum
651 3765 751 3824 dicitur,
770 3769 882 3816 crustum
898 3764 975 3814 tribus
992 3765 1079 3821 oculis,
1097 3764 1184 3829 quibua
1200 3764 1327 3827 significari
1346 3765 1424 3828 ruspi-

229 3848 299 3893 oaiur
323 3845 408 3895 Jovem
435 3861 482 3895 non
508 3846 586 3896 solum
606 3846 630 3894 in
648 3847 714 3896 coelo
732 3847 862 3896 sedetiam
880 3847 904 3895 in
922 3847 984 3895 muri
1002 3847 1068 3896 etin
1086 3848 1276 3911 Orooregnar03
1299 3845 1426 3895 Plutonem

227 3925 291 3974 enim
317 3926 346 3975 ab
371 3926 478 3976 Homero
501 3929 579 3976 vocari
604 3928 652 3977 Aia
675 3928 841 3991 καταχθόνιοι
863 3932 888 3977 et
911 3928 1055 3992 Aeschylum
1071 3929 1144 3978 ctiam
1162 3927 1236 3978 muria
1252 3929 1322 3976 deum
1339 3928 1425 3979 Jorom

228 4006 314 4056 dixisse
329 4004 457 4070 (ὶνᾶλιονΡ
474 4008 521 4058 vid.
540 4009 569 4058 fr.
588 4010 637 4059 486
655 4011 738 4059 Aetoli
757 4010 820 4074 apud
839 4011 932 4071 Dind.).

262 4088 290 4152 2)
309 4089 426 4140 menne
444 4107 538 4155 quoque
558 4093 714 4141 revocandum
732 4097 767 4141 cat
785 4093 866 4141 torah.
888 4092 982 4142 Heliad.
1001 4094 1029 4142 ir.
1049 4095 1105 4143 oia
1125 4093 1258 4158 (Diud.)l’:

429 4171 489 4230 Ζιύς
506 4170 576 4222 ἔστιν
593 4171 677 4234 αἰθὴρ,
695 4175 755 4231 Ζεὺς
772 4171 800 4221 dt
816 4175 864 4235 W»
882 4174 942 4231 Ζιϋς
960 4171 982 4222 δ’
1000 4172 1115 4236 οὐρανὸς,

430 4253 490 4312 Ζεύς
506 4271 546 4302 τοι
564 4256 599 4302 τοι
618 4253 703 4303 πάντα
720 4253 788 4316 xiim
809 4251 880 4302 τώδ’
900 4251 1039 4316 ὑπέρτερον.

261 4334 289 4399 8)
305 4337 408 4400 Ζαςτοιον
421 4337 447 4386 in
462 4335 608 4385 carminibus
624 4336 737 4402 Orphicia
752 4344 787 4386 est
801 4335 865 4384 iilius
880 4337 1037 4402 Proserpinae
1052 4341 1076 4386 et
1087 4338 1166 4397 iovis,
1176 4353 1278 4402 quorum
1286 4336 1424 4403 eonjugium

223 4417 356 4482 comparari
373 4421 452 4482 potest
468 4431 522 4466 cum
541 4417 646 4467 carmine
663 4418 752 4476 allato,
773 4416 812 4466 ubi
829 4417 927 4482 iupiter
944 4417 1008 4468 idem
1026 4419 1114 4468 dicitur
1130 4421 1171 4480 qui
1190 4419 1272 4472 Pluto.

259 4497 287 4562 4)
310 4497 403 4563 Reliqui
426 4499 472 4548 loci
494 4498 641 4562 theologiam
664 4500 786 4564 mysticam
808 4503 943 4564 sperante
969 4501 1083 4565 quoniam
1105 4501 1180 4566 magis
1203 4501 1233 4552 ad
1255 4501 1318 4552 vitae
1337 4501 1426 4552 uncii-

226 4579 330 4628 moniam
347 4581 481 4644 pertinent,
500 4580 598 4646 posthac
615 4580 789 4632 tractabuntur.
