3408 5360
776 445 819 513 49

198 633 343 721 pluribus
373 630 510 698 elucebit
535 631 736 696 testimoniis.
772 630 811 695 ln
842 630 954 716 Odyss.
991 629 1035 717 (V
1069 635 1147 718 184)
1171 633 1326 721 Calypso,
1352 635 1387 709 in

198 739 329 825 Hymuo
348 737 518 803 Homerico
542 738 582 801 ad
601 736 784 821 Apollinem
804 743 845 816 (v.
868 739 925 816 84)
946 738 1070 803 Latona
1087 741 1176 823 jurat
1190 763 1246 824 per
1259 742 1390 808 Terram

198 852 231 912 et
251 844 382 914 Ocelum
402 849 436 908 et
454 843 593 928 Stygem.
615 842 653 906 In
676 843 717 907 H.
739 843 780 909 II.
801 845 843 913 εἰς
865 846 919 920 τὴν
931 845 1050 925 μητέρι
1064 844 1205 931 πάντων,
1219 870 1282 932 qua
1294 849 1392 914 Terra

198 952 363 1018 extollitur
385 950 552 1026 laudibus,
574 948 695 1033 legitur
719 950 763 1033 (v.
790 950 866 1028 17):

356 1066 451 1138 χοῖρε
476 1057 546 1122 θεῶν
571 1065 685 1134 μῆτερ,
710 1055 805 1135 ἄλοχ’
831 1058 968 1137 Οὐροονοῖι
993 1057 1198 1139 ἀστερόεντος.

243 1163 384 1232 Saturno
405 1183 482 1228 vero
505 1185 680 1247 numquam
704 1162 841 1248 contigit
863 1164 986 1242 cultus,
1006 1166 1171 1250 quiajam
1194 1169 1269 1232 ante
1292 1188 1392 1252 genus

198 1271 375 1337 humanum
405 1269 613 1355 progenitum
643 1268 770 1353 Jupiter
797 1269 827 1334 ei
850 1275 1051 1336 successerat
1076 1270 1139 1338 Hic
1164 1276 1269 1338 autem
1293 1273 1394 1340 evasit

198 1400 341 1444 summus
371 1377 461 1452 deus3
495 1375 624 1459 eiusque
651 1375 781 1440 nomine
804 1376 927 1441 coelum
951 1399 1077 1462 quoque
1099 1379 1181 1457 coli,
1204 1381 1251 1445 vel
1279 1380 1393 1446 saltem

198 1508 271 1550 eum
302 1484 379 1549 olim
409 1505 429 1547 a
450 1482 608 1568 principio
640 1483 780 1546 naturali
807 1483 860 1547 vix
883 1484 1071 1549 distinctum
1095 1485 1205 1565 fuisse,
1230 1486 1264 1550 id
1287 1487 1393 1553 decla·

196 1596 274 1656 rant
294 1589 471 1674 complures
495 1589 648 1654 dictiones
670 1589 786 1673 quibus
811 1590 887 1660 Ζεὺς
911 1611 970 1676 pro
992 1591 1080 1658 coelo
1101 1595 1274 1676 usurpatur
1287 1593 1324 1679 ¹).

242 1697 417 1764 Pausanias
448 1699 559 1760 narrat
582 1695 623 1782 (Ι,
648 1697 700 1782 24,
729 1698 763 1782 3)
786 1697 1000 1764 Athenienses
1026 1699 1142 1765 habere
1167 1701 1296 1785 signum
1319 1700 1392 1765 Tel·

196 1805 275 1870 luris
305 1803 419 1870 Jovem
449 1803 609 1888 precantis
642 1804 680 1867 ut
709 1803 770 1868 sibi
793 1805 903 1889 pluat,
927 1805 989 1870 εἴτε
1014 1807 1119 1878 αὐτοῖς
1143 1807 1259 1888 δριβρου
1282 1808 1393 1881 δεῆσον

196 1913 385 1988 Ἀθηναίοις,
409 1909 472 1974 εἴτε
498 1911 549 1974 ael
575 1918 638 1982 τοῖς
663 1915 759 1974 τοῖσιν
781 1908 915 2001 'Etleuam
941 1912 1069 1990 συμβὰς
1094 1913 1231 1995 αὐχμός.
1263 1913 1310 1978 At
1332 1912 1393 1977 hoc

196 2017 326 2100 sIguum
351 2035 415 2080 non
446 2017 494 2080 ita
523 2020 614 2080 vetus
646 2015 743 2080 fluisse
767 2018 910 2095 videtur,
935 2041 1009 2082 nam
1033 2019 1170 2104 scriptor
1192 2018 1392 2105 conspicien-

197 2123 273 2188 dum
297 2125 500 2187 sommendat
521 2123 550 2186 ei
573 2122 627 2208 qui
651 2122 822 2188 artificiose
844 2124 930 2188 lacta
953 2124 1092 2209 antiquis
1116 2125 1284 2211 praeferat.

245 2229 422 2294 Redeamus
446 2232 487 2293 ad
509 2233 630 2313 poetas.
657 2229 832 2313 Postquam
855 2230 890 2293 in
910 2230 1050 2294 transitu
1073 2231 1298 2297 annotavimus
1318 2231 1392 2296 Pin·

196 2337 308 2401 datum
331 2356 458 2421 quoque
478 2334 626 2420 aepulare
645 2335 766 2412 οὐρανὸν
787 2341 839 2400 acl
858 2344 958 2414 γυῖον
978 2339 1104 2418 μοιτὲροο
1123 2338 1188 2424 (01.
1208 2338 1282 2403 VII.
1297 2339 1352 2422 38)
1367 2336 1394 2424 ⁹)

197 2443 340 2507 animum
360 2445 562 2508 advertemus
581 2443 621 2506 ad
640 2441 848 2526 Aeschylum.
869 2444 1052 2510 Athenaeus
1072 2445 1107 2530 (l.
1120 2445 1220 2523 XIII,
1233 2469 1264 2531 p.
1278 2447 1344 2510 600
1356 2446 1390 2528 α)

197 2550 351 2616 contiuuo
381 2553 456 2634 post
486 2548 655 2633 Euripidis
685 2549 723 2613 de
754 2572 861 2615 amore
884 2573 993 2616 versus
1017 2573 1114 2637 supra
1137 2557 1330 2618 memoratos
1352 2575 1392 2618 ex

195 2655 283 2720 illius
305 2654 502 2720 Danaidibus
525 2655 639 2720 haecce
663 2655 790 2720 rettulit
812 2656 865 2742 (fr.
890 2658 929 2721 41
957 2659 1041 2743 apud
1065 2656 1177 2744 Dind.)
1200 2662 1240 2724 de
1261 2659 1390 2744 Aphro·

198 2763 265 2827 dite
287 2762 423 2846 scripta:
1440 2773 1442 2778 '

425 2868 478 2950 ἐρᾷ
502 2868 559 2946 μὲν
583 2867 678 2946 ἁγνὸς
705 2870 825 2948 οὐρανὸς
850 2877 963 2950 τρῶσαι
987 2870 1103 2950 zdico,

421 2972 491 3054 ἔρνος
514 2974 547 3038 δὲ
570 2983 670 3053 raiae
693 2976 855 3054 λαμβάνει
883 2978 991 3054 γάμου
1016 2986 1145 3059 τυχεῖν·

422 3080 535 3161 ὄμβρος
559 3079 588 3146 δ’
612 3081 669 3146 ἆτ’
692 3082 850 3155 εὐνάοντος
875 3085 999 3163 οὐρανοῦ
1024 3087 1124 3150 τεσιδν

423 3184 512 3252 ἔκυσε
537 3195 654 3265 γυῖον·
679 3191 696 3264 ἡ
720 3190 752 3254 δὲ
775 3191 917 3256 τίκτεται
940 3190 1061 3270 βροτοῖς

422 3294 529 3371 μνίλυν
552 3318 587 3359 τε
611 3295 731 3372 βοσκὰς
757 3295 808 3360 aci
834 3295 902 3373 βίον
928 3299 1122 3379 Δημήτριον·

423 3401 575 3482 δενδρῶτις
599 3397 661 3482 epa
684 3399 711 3466 δ’
724 3403 759 3466 ἐκ
782 3401 946 3486 νοτίζοντος
972 3402 1079 3482 reticeo

426 3506 543 3580 τέλειός
567 3510 644 3572 ἐστι.
668 3507 778 3573 τῶνδ’
803 3509 863 3587 ἐγὼ
888 3510 1051 3591 recalces
1064 3511 1102 3597 ³).

242 3609 327 3686 Quae
356 3614 525 3698 tantopere
555 3616 742 3699 congruunt
768 3636 841 3679 cum
865 3615 1027 3701 Euripidis
1050 3615 1232 3702 fragmento
1256 3617 1322 3683 890
1347 3619 1390 3706 l.

232 3836 336 3898 1)Ζεδς
360 3835 411 3892 lter,
434 3835 497 3898 νΙφει
520 3839 574 3892 ete,
597 3836 626 3885 ct
644 3837 715 3886 Hom.
734 3836 764 3887 Il
780 3836 843 3886 xlx
859 3835 915 3888 357.
933 3837 1034 3886 Utiliter
1051 3837 1123 3887 etiam
1141 3836 1284 3887 Plutarchus
1299 3837 1393 3888 monuit

196 3917 334 3982 (Quomodo
345 3917 480 3968 edoluceus
487 3921 570 3983 poetas
579 3918 661 3968 audire
674 3917 768 3978 debeat,
779 3934 818 3984 pg.
827 3920 859 3968 28
867 3919 906 3984 a):
919 3917 958 3967 tra
968 3922 1080 3982 χρῶνται
1088 3921 1143 3977 τοῖς
1151 3922 1201 3968 τᾶν
1211 3917 1267 3969 θεῶν
1276 3919 1393 3980 ὀνόμασιν

197 3997 338 4056 attremat
355 3999 419 4049 τοτδ
437 3999 483 4061 μδν
500 3997 584 4049 οὔτῶν
601 3995 696 4049 instruc
714 3996 882 4063 ἦφυττόμενοι
901 4003 933 4066 τῇ
953 3997 1047 4068 ἰννοίρ,
1063 4001 1127 4051 cruri
1145 3999 1172 4051 δδ
1190 3999 1307 4062 δυνάμεις
1321 4003 1393 4062 τινὰς

198 4073 230 4128 ὅν
246 4081 273 4130 οἱ
286 4080 334 4132 troi
350 4079 452 4144 δοτῆρές
470 4080 519 4132 alca
536 4081 579 4132 rai
596 4081 761 4145 καθηγεμόνες
777 4081 912 4146 tunetunc
928 4084 1155 4148 προσαγορεύοντες.

231 4165 260 4230 2)
286 4165 362 4215 Etiam
384 4167 455 4216 Nem
482 4165 518 4215 vl
543 4182 577 4216 ve.
602 4168 630 4226 1,
654 4165 694 4216 ubi
717 4167 751 4216 dii
774 4167 928 4232 hominesque
944 4168 1026 4218 eadem
1043 4172 1121 4218 matre
1136 4167 1185 4218 orti
1201 4182 1250 4217 ease
1267 4167 1393 4228 cientur,

196 4247 306 4313 auspicor
321 4255 412 4298 terram
429 4247 566 4312 significari.

231 4331 259 4392 3)
277 4330 365 4380 Eodem
382 4331 441 4381 clim
458 4331 579 4396 pertinere
596 4330 725 4397 putabatur
742 4333 785 4396 Ag.
805 4332 869 4381 lael
888 4347 938 4397 squ

499 4413 639 4476 χαίρουσαν
657 4411 726 4462 οὒδδν
745 4408 821 4470 ἧσσον
837 4411 852 4472 ll
871 4415 930 4472 Διὸς
947 4418 1009 4478 νότον

499 4498 560 4552 Γᾶν,
577 4493 600 4544 el
616 4495 740 4557 στορντδς
757 4493 865 4554 κάλυκος
882 4492 907 4545 ἰν
923 4495 1095 4560 οισχευμοισιν,

197 4593 259 4644 quae
276 4576 466 4628 aicaPcrsonc
482 4579 607 4628 emendata
624 4581 693 4630 sunt:
721 4577 736 4634 ll
763 4575 922 4641 διοσδότῳ
947 4577 1042 4642 γάνει
1069 4579 1191 4640 σπορητὸς
1208 4590 1266 4629 are.

1252 4680 1268 4728 4
