3422 5362
863 436 925 500 162

480 615 562 688 ύστις
587 618 619 683 a
642 617 678 694 μ’
704 614 782 682 εἶναί
805 623 883 698 <bars
907 624 1022 696 μῶρον,
1047 616 1072 680 sl
1094 615 1201 694 λαβὼν

478 722 549 790 νέειν
573 725 602 796 ἕο
628 723 723 795 οἴκους
748 724 891 802 ταρύένον
915 724 959 799 μὴ
984 721 1143 801 ύιγγύνω,

479 831 604 908 γνώμης
630 839 764 910 πονηροῖς
790 831 912 894 κανόσιν
936 828 1202 909 ἀναμετρούμενος

478 938 512 1000 τὸ
537 942 655 1016 σῶφρον
678 935 768 1021 ἵστω,
796 937 909 1007 καύτὸς
933 918 983 999 ab
998 939 1130 1006 τοιοῦτος
1154 933 1190 998 dv
1205 932 1243 1020 ¹).

342 1041 469 1107 Addam
481 1041 612 1107 ultimos
625 1063 732 1107 versus
744 1042 784 1107 fr.
798 1042 892 1126 (342)
903 1063 921 1106 e
933 1039 1047 1125 Dictys
1059 1063 1078 1104 a
1091 1039 1177 1105 Stcb.
1194 1038 1276 1123 (aa,
1289 1038 1316 1116 I,
1329 1040 1361 1117 9,
1372 1040 1403 1118 4,
1417 1039 1494 1122 272)

298 1148 432 1217 servati:
482 1148 533 1213 κὀιὶ
558 1157 636 1228 χρῆν
659 1149 690 1212 δὲ
714 1156 776 1220 τοῖς
800 1149 934 1228 βροτοῖσι
961 1147 1040 1212 τόνδ’
1064 1142 1270 1236 εἷναι-νόμον,

309 1271 311 1276 ’
480 1261 538 1318 τῶν
562 1253 769 1332 εὐσεβούντων
792 1250 896 1324 οἵτινές
921 1278 961 1331 γε
985 1255 1133 1334 σώφρονες

481 1360 568 1440 ἐρύν,
594 1361 709 1439 Κύπριν
732 1361 763 1424 δὲ
788 1363 842 1434 τὴν
865 1362 936 1430 Διὸς
959 1359 1080 1440 χαίρειν
1106 1360 1169 1424 ἐν’ὶν.

344 1466 433 1531 Haec
473 1467 581 1531 omnia
617 1467 693 1531 satis
729 1467 893 1532 declarant
922 1465 1108 1551 Euripidem
1143 1465 1220 1530 viris
1256 1466 1495 1529 commendasse

264 1573 267 1578 ’
297 1572 517 1638 castimoniam
552 1593 616 1637 uon
650 1573 825 1658 vulgarem.
858 1569 956 1638 (laius
985 1572 1113 1637 virtutis
1142 1571 1224 1635 ratio
1253 1568 1365 1654 procul
1395 1569 1493 1634 dubio

295 1677 447 1762 colligata
480 1681 548 1742 arat
578 1699 650 1743 cum
681 1677 797 1743 ritibus
831 1677 995 1762 Orphicis,
1028 1699 1162 1763 quorum
1195 1677 1307 1741 saltem
1332 1673 1493 1760 Hippoly-

296 1786 347 1849 tus
381 1782 572 1870 Euripideus
601 1783 729 1848 sedulus
763 1787 831 1848 erat
855 1786 993 1848 sectator
1024 1784 1067 1866 (v.
1102 1784 1145 1847 24
1180 1804 1244 1866 sq.‚
1280 1783 1344 1847 951
1379 1781 1441 1867 sq.)
1469 1787 1491 1866 ).

295 1889 435 1973 Orphica
463 1888 631 1974 disciplina
668 1889 813 1954 universe
844 1889 877 1952 id
909 1890 1040 1973 agebat,
1072 1910 1109 1953 so
1140 1886 1294 1952 tendebat
1318 1890 1355 1951 ut
1377 1907 1492 1970 corpus

294 1995 471 2058 humanum
504 1995 664 2079 integrum
698 1998 877 2060 servaretur
899 2018 918 2059 a
939 1995 1120 2060 multifariis
1139 1994 1233 2059 rebus
1255 1993 1370 2077 quibus
1389 1993 1492 2076 pollui

298 2101 501 2178 credebatur,
533 2100 622 2164 velut
647 2101 717 2164 cibo
742 2101 971 2178 animantium,
997 2100 1145 2166 caedibus
1159 2101 1198 2184 ³),
1225 2099 1366 2163 vestibus
1390 2099 1491 2163 laneis

298 2208 358 2272 cat.
383 2204 494 2290 ltaque
516 2207 642 2271 credere
670 2227 728 2291 par
758 2209 823 2283 est,
855 2207 999 2290 quamvis
1033 2228 1099 2270 non
1130 2205 1294 2290 perspicua
1325 2204 1491 2283 tradatur,

299 2333 365 2375 eam
399 2311 495 2376 etiam
525 2313 655 2396 jussisse
686 2312 889 2377 concubitum
915 2335 1010 2397 quam
1034 2313 1165 2376 minime
1189 2311 1275 2386 fieri,
1300 2313 1334 2374 et
1356 2310 1491 2376 fortasse

295 2418 394 2481 vitam
416 2417 564 2482 caelibem
597 2419 740 2482 omnium
771 2419 1002 2482 sanctissimam
1031 2419 1198 2502 judicasse.
1230 2416 1347 2482 Etbica
1366 2417 1491 2501 Pytha·

292 2543 406 2606 gorea,
430 2524 480 2588 cui
504 2544 575 2588 cum
599 2524 774 2608 praeceptis
799 2522 945 2607 Orphicis
970 2525 1108 2588 maxima
1131 2526 1200 2587 erat
1223 2523 1490 2607 cognatio,idem

295 2629 460 2713 spectabat
473 2629 510 2713 ⁴).

338 2733 458 2799 Verum
479 2755 592 2818 operae
612 2735 749 2819 pretium
769 2758 835 2800 esse
856 2736 982 2800 videtur
1001 2757 1167 2819 quaerere,
1188 2758 1252 2822 qua
1274 2737 1400 2802 ratione
1421 2736 1490 2802 effi·

325 2987 350 3048 1)
368 2985 462 3036 Helena
478 3000 585 3051 quoque,
602 2987 664 3051 apud
678 2986 817 3052 Euripidem
834 2986 979 3047 castissima,
997 2987 1164 3051 'I'heoclymani
1181 2987 1363 3037 matrimonium
1380 3003 1491 3052 asperna-

291 3071 343 3128 tur3
362 3068 452 3118 similes
468 3068 581 3118 videntur
598 3068 623 3116 in
642 3068 725 3132 Dictys
742 3068 813 3118 fuisse
832 3071 927 3118 Deusta
944 3076 1037 3134 partas,
1055 3070 1084 3118 cl.
1104 3069 1214 3132 Apollod.
1235 3070 1269 3119 Il.
1287 3071 1311 3118 4.
1330 3070 1344 3118 1
1364 3073 1388 3117 et
1406 3071 1429 3118 3.

325 3150 352 3215 2)
370 3151 447 3201 Carne
475 3165 569 3214 quoque
592 3147 724 3198 abstinebat
748 3150 784 3213 (v.
815 3152 863 3200 980
886 3151 942 3216 στρ).
968 3150 1029 3199 Vide
1052 3151 1081 3198 sd
1103 3165 1175 3214 quam
1197 3149 1308 3199 absurdas
1333 3165 1371 3199 res
1394 3153 1490 3215 poetam

290 3232 402 3281 detrudat
422 3231 529 3281 studium
545 3231 706 3280 transferendi
724 3232 749 3280 iu
768 3232 853 3280 heroas
870 3235 963 3280 veteres
980 3232 1017 3281 sui
1035 3232 1151 3297 temporis
1167 3232 1302 3294 doctriuas3
1322 3242 1491 3283 venatur-amne

290 3329 361 3363 carne
378 3313 511 3363 abstineret

325 3396 352 3456 3)
369 3394 491 3461 Aristopb.
510 3396 570 3444 Rau.
590 3396 670 3445 1032:

372 3475 477 3539 Ὀρφεύς
495 3477 541 3539 μὶν
558 3479 608 3541 γαρ
625 3475 735 3536 τελετάς
752 3476 771 3526 θ’
790 3476 848 3538 ἡμῖν
866 3477 994 3543 κατέδειξε
1011 3481 1122 3542 φόνων
1139 3481 1165 3528 τ’
1183 3478 1403 3542 ἀντέχεσθαι.

290 3560 320 3608 cf.
339 3560 401 3609 Hor.
420 3563 465 3608 art.
484 3563 548 3626 poet.
567 3561 615 3610 ael
634 3576 668 3625 sq.

323 3643 352 3708 4)
370 3642 520 3706 Pythagoras
536 3642 642 3692 traditur
663 3643 749 3692 dixisse
769 3648 827 3693 tunc
846 3658 895 3693 esse
914 3643 1116 3694 concumbendum
1134 3659 1189 3694 eum
1207 3649 1231 3694 te
1248 3645 1300 3710 ipso
1318 3644 1420 3693 inferior
1436 3645 1490 3694 lieri

288 3724 361 3783 valis,
379 3723 605 3788 Crotoniatibusque
623 3726 766 3790 persuasisse
785 3729 811 3775 ut
828 3726 924 3791 pellices
943 3725 1101 3775 dimitterent.

321 3809 342 3856 Δ
358 3805 493 3871 Porphyris
510 3805 552 3870 (da
570 3806 628 3856 abst.
645 3808 709 3872 sla)
726 3811 837 3857 servatur
851 3808 1013 3871 fragmentum
1032 3807 1122 3872 (cisa)
1141 3824 1169 3857 ex
1187 3808 1223 3858 Eu
1239 3808 1310 3874 ipidis
1327 3806 1488 3868 Cretensibus,

288 3888 352 3938 vitae
369 3889 483 3953 mysticae
501 3888 582 3938 laudes
598 3889 735 3949 continuum
758 3905 780 3939 v.
801 3891 832 3940 la
851 3905 902 3958 sqq,
920 3889 1033 3954 leguntur
1050 3891 1121 3941 haec:

591 3968 725 4021 πάλλενιια
743 3968 765 4019 δ’
783 3969 851 4034 ’ἔχων
871 3971 966 4032 εἵματα
983 3970 1069 4035 φεύγοι

589 4049 737 4114 γένεσίν
763 4071 794 4102 τε
820 4056 969 4116 βροτῶν,
987 4052 1186 4115 καῖιεκρούήιιιρς

590 4131 618 4183 ού
637 4137 826 4197 χριμπτόμενος
843 4135 888 4192 τὴν
906 4136 932 4184 τ’
950 4132 1076 4198 ἐμψύχων

590 4218 681 4278 βρῶσιν
699 4213 808 4266 ἐδεστῶν
825 4214 1001 4281 τεφύνιαγμαι.

287 4301 395 4367 Suspicio
421 4300 482 4350 mibi
506 4302 563 4350 nata
584 4306 636 4348 arat
658 4297 744 4362 φεύγω
766 4297 864 4362 γένεσιν
887 4303 981 4361 βροτῶν
1006 4301 1148 4365 significare:
1168 4302 1274 4352 abstineo
1291 4319 1305 4352 a
1323 4304 1488 4369 procreatione

286 4381 430 4441 liberorum,
459 4383 498 4432 sad
526 4381 665 4446 diligentius
692 4382 807 4447 cogitanti
832 4382 981 4448 probabilior
1005 4383 1055 4432 viss
1077 4387 1113 4432 ast
1136 4385 1194 4434 haec
1218 4385 1398 4451 interpretatio:
1423 4386 1488 4435 avito

287 4465 415 4532 puerperia
437 4464 487 4514 sira
504 4467 589 4530 partus
606 4469 726 4520 recantes,
743 4465 759 4514 i.
778 4481 799 4514 a.
817 4480 887 4514 carso
906 4479 936 4513 ne
955 4464 1031 4514 adsim
1046 4466 1084 4514 vsl
1103 4467 1232 4531 attingam,
1252 4469 1316 4533 quod
1333 4471 1488 4535 praecaptum

286 4547 312 4598 in
330 4546 399 4596 rebus
417 4546 522 4610 mysticis
538 4545 596 4596 setis
614 4546 739 4611 vulgatum
757 4547 831 4597 luisse
847 4546 950 4597 ridetur.
