3418 5356
777 439 818 506 77

209 622 276 688 eius
298 621 440 690 diamndi
464 623 614 710 cupidum
637 624 789 690 excitarit
806 627 848 690 ad
868 623 1009 690 studium
1029 623 1223 710 sapientiae,
1242 622 1401 688 moribus-

209 750 270 814 que
304 729 355 812 (nt
388 749 442 814 pg.
479 729 522 796 23
556 729 706 808 vidimus)
736 729 876 796 ostendit
906 727 1087 814 exemplum
1118 727 1336 796 continentiae
1369 731 1403 792 et

209 833 393 900 severitatis.
419 832 517 900 Cuius
541 835 602 900 viri
624 835 797 920 imaginem
820 855 887 900 non
910 839 958 900 eat
981 857 1038 900 cnr
1061 857 1126 900 non
1152 834 1261 903 Volet.
1282 835 1328 920 (p.
1344 835 1401 920 26)

209 943 372 1007 eradamus
407 939 474 1006 eius
509 941 615 1007 animo
648 943 848 1009 obversatam
876 963 962 1021 esse,
985 963 1057 1008 cum
1080 941 1115 1006 in
1139 940 1400 1026 philosophorum

210 1047 318 1112 laudes
340 1047 418 1112 haec
441 1053 569 1114 caneret
591 1048 644 1135 (fr.
669 1050 770 1132 902):

480 1153 583 1232 ὄλβιος
608 1152 690 1228 ὅστις
715 1164 769 1231 τῆς
784 1157 809 1242 ¹)
833 1156 966 1237 irreptor

480 1259 559 1344 ἔσχε
582 1260 714 1338 μάθησιν

477 1369 560 1445 μήτε
584 1375 715 1434 πσλιτῶν
741 1368 790 1434 ἐπὶ
816 1367 993 1446 remordens

477 1475 553 1551 μήτ’
576 1477 618 1547 εἷς
645 1475 766 1546 ἀδίκους
793 1474 919 1554 ruotgero
945 1475 1060 1555 ὁρμῶν,

479 1581 553 1646 ἀλλ’
578 1581 734 1646 elavem
758 1583 888 1659 saterris
912 1581 1034 1659 Φύσεως

480 1687 594 1766 sturm
616 1688 757 1767 ἀγήρων,
781 1696 824 1763 mi
849 1711 884 1752 σε
908 1685 1037 1763 συνέστη

481 1793 534 1860 καὶ
559 1789 618 1868 ὅση
644 1795 695 1859 καὶ
720 1791 811 1867 ὅπως.

480 1908 543 1972 τοῖς
569 1901 600 1966 δὲ
624 1902 767 1974 σσνσύσσνς
792 1899 929 1966 οὐδέποτ’
956 1900 1093 1980 αἰσχρῶν

480 2003 575 2084 ἔργων
598 2005 767 2084 μελέτημα
790 2006 934 2088 σρσσίζεν.

255 2111 316 2179 Sed
346 2112 613 2198 quemadmodum
635 2113 772 2180 Pericles
791 2136 831 2180 ex
849 2113 1061 2196 Anaxagorae
1079 2113 1306 2178 consuetudine
1325 2135 1400 2198 gra-

213 2219 343 2284 vitutem
361 2219 488 2304 quidem
509 2223 542 2284 et
561 2220 789 2286 sublimitatem
808 2220 906 2307 (Plut.
927 2241 957 2285 v.
971 2218 1042 2282 Per.
1055 2239 1082 2284 c.
1096 2217 1194 2305 VIII)
1206 2219 1260 2285 sed
1273 2219 1398 2286 nullum

214 2324 378 2410 physicum
398 2315 536 2409 systema
558 2326 684 2390 ridetur
706 2327 879 2412 accepisse,
902 2325 947 2390 sic
971 2345 1074 2409 neque
1098 2328 1207 2390 noster
1229 2325 1289 2390 hec
1311 2326 1347 2391 in
1367 2348 1401 2392 re

214 2431 305 2496 solidi
326 2431 500 2517 quidquem
525 2431 554 2496 ei
576 2437 740 2516 acceptum
761 2433 878 2498 referre
901 2435 1037 2516 poterat.

256 2536 296 2602 In
323 2539 574 2602 commentandis
601 2538 808 2624 scriptoribus
837 2538 930 2604 multi
953 2537 1013 2602 viri
1036 2537 1122 2601 docti
1145 2537 1397 2624 quotiescunque

217 2643 362 2708 incidunt
383 2643 419 2708 iu
442 2643 648 2727 sententium,
673 2667 770 2730 quam
794 2644 890 2710 etiam
914 2665 953 2708 ex
972 2643 1152 2728 antiquiore
1172 2643 1279 2728 aliquo
1300 2645 1402 2729 scrip·

217 2753 282 2814 tore
313 2754 424 2815 notum
447 2748 605 2828 babeant,
629 2749 753 2816 etiamsi
775 2750 1023 2835 haudquaquam
1046 2749 1090 2815 sit
1111 2749 1299 2835 singularis,
1325 2771 1402 2836 pro-

215 2855 300 2920 tinus
325 2860 433 2920 tumen
452 2856 556 2920 solent
576 2861 729 2921 annotare
748 2857 954 2941 posteriorem
974 2855 1137 2920 imitatum
1158 2878 1225 2921 esse
1244 2857 1399 2942 priorem!

215 2959 410 3046 Quamquam
443 2982 508 3027 non
540 2983 623 3048 nego
653 2961 689 3026 in
717 2961 817 3026 literis
849 2961 987 3026 classicis
1022 2983 1087 3026 non
1119 2983 1191 3026 raro
1215 2962 1402 3048 scriptores,

216 3067 344 3133 latinos
379 3068 583 3153 praesertim,
616 3067 792 3152 superiores
824 3066 885 3131 sibi
916 3067 1062 3131 consulto
1085 3066 1259 3132 imitandos
1283 3089 1403 3154 propo·

216 3173 329 3251 suisse,
353 3179 460 3238 temen
485 3175 524 3238 ad
548 3179 635 3239 certa
656 3173 713 3238 ille
735 3172 881 3258 exemplo
901 3173 1009 3238 omnis
1028 3171 1184 3238 referendi
1205 3167 1401 3239 cousuetudo

215 3281 315 3346 dicam
340 3303 381 3345 an
408 3280 508 3345 libido
532 3302 626 3364 saepe
650 3279 729 3344 mibi
749 3282 878 3344 modum
897 3281 1046 3344 excedere
1063 3279 1197 3343 ridetur.
1222 3277 1297 3343 Non
1317 3279 1402 3345 enim

215 3387 413 3474 singulorum
432 3389 599 3453 hominum
620 3409 722 3453 mores
742 3391 775 3452 et
791 3386 959 3472 ingenium
978 3388 1018 3450 ed
1039 3408 1138 3450 unum
1159 3385 1288 3470 aliquod
1300 3408 1403 3451 exem·

216 3495 302 3579 plum
330 3494 570 3579 exprimuntur,
603 3494 690 3558 cuius
720 3493 893 3577 imaginem
920 3514 1016 3578 quam
1039 3491 1219 3556 fidelissime
1243 3491 1402 3570 referant,

216 3622 323 3667 rerum
343 3601 491 3666 subsidiis
511 3622 550 3665 ex
565 3598 741 3664 innumeris
752 3597 935 3664 hominibus
946 3597 1102 3682 rebusque
1114 3597 1217 3663 ductis
1229 3601 1262 3662 et
1273 3598 1403 3683 propris

216 3711 320 3772 mente
355 3707 515 3772 conversis
545 3705 814 3790 conformatioque
845 3703 1033 3768 excoluntur
1068 3711 1100 3768 et
1135 3703 1314 3770 firmantur.
1350 3703 1402 3770 Its

218 3818 323 3879 noster
352 3835 478 3898 quoque
500 3834 518 3877 e
540 3815 674 3877 naturae
704 3810 993 3896 contemplatione,
1019 3831 1036 3874 e
1059 3810 1243 3896 cognitione
1266 3811 1401 3894 placito-

217 3941 285 3984 rum
329 3921 500 3985 multorum
533 3918 812 4004 pbilosophorum,
847 3938 885 3981 ex
918 3916 1130 4001 Anaxagorae
1163 3916 1349 4002 disciplina,
1386 3939 1404 3984 e

218 4029 379 4110 posterum
415 4025 570 4103 lectione,
601 4046 618 4088 e
650 4024 749 4089 reteri
782 4021 962 4107 theologia,
993 4045 1032 4088 ex
1064 4045 1121 4088 usu
1155 4023 1355 4108 aequalium,
1387 4046 1405 4090 e

220 4137 296 4196 natu
318 4131 472 4197 maiorum
497 4130 693 4209 eruditione,
713 4151 793 4216 quse
813 4129 928 4194 senaim
949 4133 981 4194 et
1000 4127 1111 4194 furtim
1128 4127 1282 4193 manatin
1292 4129 1402 4214 junio-

220 4257 287 4302 rum
309 4238 446 4323 animm,
472 4259 511 4302 ex
533 4236 620 4302 hisce
644 4236 791 4302 omnibus
815 4237 922 4300 ments
944 4235 1079 4321 receptis
1101 4233 1292 4320 propriaque
1315 4235 1403 4321 cogi-

218 4343 338 4409 tatione
368 4344 485 4410 relictis
506 4343 613 4408 hausit
632 4342 790 4428 simplices
809 4339 882 4406 illas
902 4363 980 4426 quas
999 4340 1213 4407 recensuimus
1232 4339 1271 4406 de
1291 4346 1406 4406 ustura

255 4579 281 4646 ι)
299 4579 327 4630 ν.
343 4579 443 4646 euers
461 4582 517 4646 rec
