3408 5360
914 475 956 542 58

341 657 456 737 bilem,
489 680 687 725 communem
723 660 823 746 totius
846 660 966 726 muudi.
991 659 1117 725 Exinde
1140 659 1256 724 collata
1279 659 1341 725 foci
1363 659 1522 724 divinitate

341 786 510 849 personam
531 787 711 851 nomenque
732 765 850 833 Vestae
869 767 903 830 in
924 788 993 831 eam
1010 767 1245 831 transtulerunt
1264 765 1317 851 (cf.
1338 765 1424 831 Plut.
1442 764 1522 830 locus

342 894 445 957 supra*
469 872 608 958 allatus).
640 871 692 939 Sic
726 895 762 938 eo
786 873 977 958 ineptiarum
1001 876 1190 958 perventum
1212 875 1261 937 est
1283 875 1320 937 ut
1336 874 1450 936 eadem
1473 871 1523 935 ha·

342 979 470 1042 beretur
500 980 532 1042 et
563 980 707 1044 omnium
742 1001 848 1044 rerum
873 979 1149 1063 animantiumque
1180 981 1310 1044 mater
1344 980 1378 1042 et
1408 976 1522 1061 virgo

343 1087 490 1149 aeterna:
511 1083 563 1148 καί
584 1091 665 1162 γαΐα
685 1091 799 1165 μῆτερ,
820 1084 948 1151 Ἑστίαν
970 1083 1002 1150 δέ
1022 1083 1051 1147 τ’
1065 1085 1090 1149 ol
1104 1084 1191 1165 σοφοί
1204 1084 1317 1162 βροτῶν
1330 1088 1473 1148 καλοῦσιν
1487 1085 1522 1161 ¹)!

388 1189 507 1255 Verum
542 1191 704 1256 videamus
736 1192 791 1277 qui
823 1195 953 1257 tandem
982 1191 1103 1256 fuerint
1131 1191 1190 1255 viri
1220 1190 1268 1256 illi
1300 1189 1466 1276 sapientes.
1487 1188 1523 1254 ln

341 1295 449 1361 libello
473 1298 511 1361 de
535 1297 643 1362 anima
666 1298 796 1377 mundi,
820 1301 905 1383 quod
928 1297 1049 1363 Timaei
1072 1297 1164 1362 Locri
1188 1297 1317 1361 nomine
1339 1297 1457 1374 fertur,
1480 1299 1523 1373 ys

341 1406 473 1466 vocatur
495 1402 585 1467 ἑστία
609 1407 679 1468 θεῶν
705 1405 772 1489 (pg.
798 1405 840 1470 97
854 1403 897 1491 D)
924 1407 1139 1489 congruenter
1156 1403 1196 1468 iis
1215 1425 1296 1488 quae
1315 1405 1524 1489 supradispu-

342 1509 417 1575 tavi.
451 1509 598 1575 Timaeus
629 1510 693 1576 fuit
723 1511 930 1596 philosophus
961 1511 1198 1596 Pythagoreus;
1231 1512 1285 1576 sed
1314 1511 1441 1576 libellus
1472 1511 1526 1576 iste

296 1653 298 1657 ,
346 1615 471 1680 videtur
492 1616 620 1681 nonnisi
639 1617 800 1683 Platonici
816 1617 937 1682 Timaei
949 1639 1015 1682 esse
1027 1617 1173 1701 epitome.
1185 1616 1225 1681 In
1238 1638 1275 1682 eo
1288 1639 1365 1682 sane
1376 1617 1458 1682 libro
1469 1616 1527 1682 ista

343 1721 441 1786 verba
470 1743 536 1786 non
569 1722 739 1808 leguntur,
773 1724 827 1788 sed
851 1724 1005 1808 epitomes
1030 1723 1165 1808 scriptor
1187 1745 1224 1788 ea
1248 1723 1417 1788 manifesto
1440 1746 1526 1789 usur-

343 1828 450 1913 pavit,
488 1831 572 1913 quod
608 1831 702 1895 Plato
739 1833 841 1895 terrae
878 1831 1015 1895 medium
1047 1830 1158 1894 mundi
1189 1830 1294 1895 locum
1316 1830 1529 1914 assignaverat

344 1936 437 2020 (nam
468 1936 607 2020 excerpti
638 1958 692 2021 pg.
729 1935 813 2002 971)
837 1937 988 2022 congruit
1010 1958 1081 2001 oum
1105 1935 1251 2001 Platonis
1274 1957 1328 2022 pg.
1353 1937 1420 2022 40).
1445 1936 1528 2001 Oen·

344 2043 409 2106 stat
437 2041 606 2108 Platonem
630 2044 665 2107 in
688 2043 889 2128 philosophia
914 2043 1052 2108 naturali
1074 2044 1210 2108 multum
1234 2065 1251 2108 e
1275 2043 1444 2128 disciplina
1466 2044 1528 2129 Py·

344 2147 510 2232 thagorica
533 2150 751 2234 desumpsisse.
776 2150 887 2215 Potest
911 2149 1011 2234 igitur
1034 2149 1102 2213 fieri
1125 2153 1161 2215 ut
1184 2153 1295 2214 auctor
1316 2150 1409 2215 istius
1431 2149 1530 2214 libelli

344 2254 485 2319 indidem
510 2278 599 2320 suam
624 2258 727 2321 terrae
750 2255 997 2342 appellationem
1021 2256 1180 2342 petiverit.

390 2359 494 2426 Probe
525 2349 626 2427 sentio
657 2385 753 2447 quam
786 2363 865 2428 levis
896 2364 938 2428 sit
967 2362 1045 2428 haec
1069 2362 1224 2448 suspicio;
1249 2363 1302 2427 sed
1327 2363 1432 2427 nescio
1455 2363 1532 2447 quid

346 2488 397 2530 me
418 2467 556 2552 impellit
579 2473 615 2533 ut
638 2469 705 2533 eius
729 2469 953 2554 appellationis
972 2469 1194 2534 auctoritatem
1214 2468 1423 2554 Pythagoreis
1435 2470 1532 2534 ascri-

346 2573 436 2651 bam;
469 2575 602 2640 fortasse
625 2575 686 2641 hoc
709 2577 793 2659 quod
817 2575 958 2661 mythice
982 2574 1121 2660 physicis
1145 2574 1293 2659 copulata
1316 2575 1461 2661 exhibet3
1484 2576 1534 2639 vel

344 2681 428 2765 quod
461 2680 638 2746 theocrasia
667 2704 686 2746 a
717 2681 880 2766 theologia
901 2680 1056 2765 Orphica,
1077 2702 1157 2765 quae
1180 2681 1219 2745 iis
1243 2702 1309 2745 non
1331 2703 1433 2766 pauca
1455 2704 1531 2767 sup-

343 2786 499 2870 peditasse
520 2788 662 2866 videtur,
684 2787 825 2872 profecto
845 2808 912 2852 non
932 2787 1037 2851 aliena
1054 2789 1105 2851 est
1125 2787 1167 2871 (v.
1180 2786 1311 2852 iufrain
1323 2787 1481 2853 ParthlI
1494 2787 1533 2866 Β,

344 2893 382 2958 de
415 2893 616 2979 theoorasia).
647 2895 780 2960 Accedit
810 2896 895 2978 quod
921 2893 1194 2978 Pythagoreorum
1217 2895 1392 2960 nonnullos
1414 2899 1533 2960 terram

342 2999 451 3065 ἑστίαν
487 3022 614 3068 vocasse
648 3001 804 3066 traditum
838 3003 887 3066 est
894 3022 902 3078 ;
936 3004 970 3065 at
1000 3000 1175 3085 ambigitur
1206 3003 1313 3065 utrum
1344 3001 1535 3086 posteriores

345 3109 473 3171 tentum
499 3129 541 3171 an
564 3108 659 3172 etiam
683 3107 813 3193 priores.

390 3214 523 3279 Proclus
545 3215 593 3300 (in
613 3214 735 3281 Euclid.
756 3214 857 3279 Elem.
878 3235 932 3299 pg.
954 3216 1009 3300 48)
1035 3215 1073 3278 de
1096 3213 1135 3278 iis
1157 3213 1291 3299 loquens
1311 3214 1373 3279 ait:
1395 3214 1449 3280 καί
1468 3216 1537 3296 γὰρ

344 3321 472 3385 Ἑστίαν
497 3327 626 3386 καλοῦσι
652 3328 707 3395 τῆν
730 3329 790 3399 γῆν
814 3345 904 3392 τινες.
929 3319 1110 3405 Simplicius
1134 3320 1299 3405 disputans
1324 3322 1378 3406 (ad
1401 3321 1537 3389 Aristot.

345 3429 384 3491 de
419 3425 516 3492 Coelo
545 3427 588 3513 ΙΙ,
617 3428 672 3512 13)
701 3429 740 3492 de
769 3427 846 3512 igne
869 3426 1002 3492 centrali
1024 3426 1123 3512 vulgo
1144 3430 1260 3510 Ἐστία
1284 3430 1415 3512 vocato,
1438 3450 1540 3513 quem

350 3533 516 3599 Philolaus
538 3534 649 3618 procul
672 3557 691 3597 a
714 3537 800 3599 terra
823 3534 859 3598 in
881 3535 985 3600 medio
1010 3536 1130 3599 mundo
1152 3533 1363 3600 collocaverat
1381 3536 1425 3621 (v.
1445 3535 1539 3602 Plau.

379 3794 406 3858 1)
426 3793 494 3842 Dion.
519 3791 577 3841 Hal.
602 3791 636 3840 II.
662 3791 693 3840 bd
717 3806 788 3855 agens
813 3790 841 3838 de
858 3789 926 3838 cultu
943 3789 1028 3838 Vestae
1045 3790 1108 3855 apud
1125 3789 1244 3839 Romanos
1261 3791 1363 3839 affirmat
1380 3806 1419 3839 cos
1436 3791 1461 3839 iu
1481 3807 1543 3840 con·

345 3875 448 3926 trariam
470 3877 563 3940 partem
586 3873 734 3938 disputantes
757 3873 813 3922 deae
835 3873 916 3937 ignem
946 3887 1040 3921 sacrum
1068 3871 1204 3921 existimare
1221 3872 1277 3936 quia
1293 3875 1359 3921 terra
1376 3873 1473 3937 proprie
1491 3873 1543 3923 eit2

347 3957 453 4024 :awa
481 3954 504 4005 δ’
528 3954 670 4004 ἀνακεῖσθαι
696 3955 726 4004 τὸ
752 3958 799 4017 nvp
824 3953 968 4019 νομίζουσιν
991 3952 1030 4002 ὅτι
1052 3956 1087 4017 γῆ
1111 3971 1141 4002 τι
1158 3948 1221 4002 οὖσα
1238 3952 1252 4008 οἱ
1269 3953 1321 4012 θεὸς
1338 3953 1381 4002 καί
1397 3955 1440 4003 τὸν
1458 3953 1546 4016 μέσον

346 4039 497 4102 κατέχουσα
519 4041 566 4087 τοῦ
585 4039 680 4099 κόσμον
698 4040 774 4086 τίτον
792 4040 841 4096 τὰς
858 4035 962 4098 ἀνάψεις
978 4038 1024 4085 τοῦ
1042 4036 1178 4100 μεταρσίου
1196 4037 1305 4084 ποιεῖται
1322 4037 1397 4098 nepte
1414 4035 1459 4099 ἀφ’
1480 4034 1548 4086 ἑαυ-

348 4121 418 4180 τῆς”.
443 4124 510 4188 Quae
533 4122 673 4184 argumenta
696 4119 760 4169 haud
777 4120 846 4169 dubie
862 4120 938 4185 petita
954 4122 1009 4168 suut
1027 4135 1039 4168 e
1057 4118 1182 4184 disciplina
1199 4118 1405 4183 Pythagoreorum
1421 4121 1550 4184 posterio-

347 4221 414 4263 rum,
430 4205 471 4269 qui
486 4205 566 4269 ignem
584 4202 727 4261 centralem‚
747 4203 809 4252 uude
825 4202 861 4252 rol
876 4205 901 4251 et
917 4205 981 4251 astra
998 4200 1075 4251 lucem
1092 4201 1237 4266 acciperent,
1255 4201 1280 4249 iu
1297 4200 1375 4249 media
1388 4201 1551 4251 terracollo·

345 4290 458 4337 caverant
475 4287 535 4352 (vid.
553 4285 630 4334 Zaller
646 4301 685 4350 pg.
705 4285 857 4347 ccc-894).
876 4284 977 4334 Ovidius
992 4285 1055 4334 Fert.
1074 4284 1109 4332 VI
1127 4281 1174 4334 267
1192 4282 1276 4335 habet:

566 4367 652 4417 avecta
670 4367 751 4416 eadem
770 4383 829 4431 quae
845 4369 918 4416 terra.
936 4365 1020 4416 Subest
1036 4365 1095 4430 vigil
1111 4365 1173 4430 ignis
1190 4363 1309 4430 utrique'¹‚

346 4467 418 4516 quam
442 4451 624 4516 explicationem
643 4453 738 4515 poetam
755 4449 861 4515 suspicor
878 4450 906 4498 de
922 4465 965 4498 suo
982 4448 1062 4514 potius
1079 4463 1150 4511 quam
1167 4447 1196 4498 ab
1212 4447 1267 4496 aliis
1283 4448 1440 4499 veterioribus
1456 4465 1554 4515 accep-

346 4538 397 4586 nm
419 4533 556 4599 protulisse.
582 4534 708 4598 Nusquam
726 4536 820 4582 cudant
837 4533 974 4582 testimonia
992 4533 1086 4580 Vestam
1104 4530 1275 4595 antiquissimis
1291 4531 1438 4596 temporibus
1454 4533 1554 4582 eodem

346 4617 417 4668 modo
433 4632 481 4680 quo
498 4615 664 4681 Hephaeatum
679 4615 731 4680 igni
747 4615 902 4666 subterraneo
918 4614 956 4665 vel
972 4614 1082 4665 universo
1098 4612 1149 4678 igni
1165 4612 1301 4679 praefuisse.
