3418 5356
306 877 307 882 ,
425 819 469 888 13.
492 820 669 888 Runlolo
693 821 937 890 POPULARIS
959 822 1079 890 APUD
1101 822 1358 891 EURIPIDEM.

817 1065 990 1077 -ι-ι--υ-ν-

746 1229 934 1316 CAPUT
956 1232 1032 1316 IV.

602 1462 842 1514 FUNDAMENTA
866 1463 946 1514 EIUS
971 1462 1180 1514 OPINIONUM.

340 1633 433 1700 Binis
464 1634 564 1719 igitur
592 1632 651 1699 riis
681 1632 842 1718 progressi
870 1637 948 1698 sunt
971 1631 1083 1698 Graeci
1105 1633 1144 1697 de
1167 1631 1262 1697 rebus
1284 1631 1401 1697 divinis
1423 1653 1487 1697 me·

297 1742 448 1807 ditantes.
467 1739 521 1805 ab
541 1739 642 1805 altera
659 1745 750 1826 parte
768 1741 855 1805 intra
867 1737 975 1825 vipsius
986 1739 1151 1824 religionis
1162 1738 1241 1804 fines
1254 1738 1329 1804 diia
1348 1738 1487 1824 poetis

296 1847 399 1932 magis
421 1845 587 1931 magisque
609 1845 650 1909 ad
673 1845 807 1930 perfecti
829 1845 970 1910 numinis
993 1844 1165 1930 imaginem
1189 1843 1421 1920 evehebantun
1444 1842 1486 1908 ab

295 1954 404 2039 altera,
418 1955 510 2038 parte
532 1950 784 2037 philosophi
803 1951 844 2016 ab
862 1950 955 2017 initio
975 1954 1155 2038 statuerant
1175 1954 1269 2016 deum
1287 1971 1354 2016 esre
1366 1971 1483 2034 unum,

294 2058 440 2145 potentia
462 2056 595 2124 seientia
617 2057 735 2124 virtute
756 2057 942 2143 perfeetum.
966 2056 1052 2134 Quae
1075 2058 1297 2123 meditationes
1315 2059 1486 2142 postquam
1604 2145 1606 2150 Ι

295 2164 489 2251 aliquamdiu
523 2166 687 2250 separatae
722 2164 810 2230 velut
843 2164 933 2229 fluvii
968 2164 1095 2251 gemelli
1122 2166 1218 2251 juxta
1247 2167 1485 2249 processerunt,
1515 2209 1520 2212 -

295 2272 425 2338 tandem
447 2271 483 2336 in
507 2293 607 2335 unum
625 2270 851 2337 confluxerunt
872 2271 1077 2359 Euripidem,
1100 2275 1265 2359 poetam
1296 2272 1488 2335 eundem·

294 2401 371 2466 que
402 2376 710 2463 philosophum.

340 2484 459 2550 Noster
493 2483 577 2548 enim
612 2486 819 2570 utrorumque
852 2485 994 2550 imbutus
1028 2489 1096 2550 erat
1128 2482 1395 2571 cogitationibus3
1431 2485 1488 2548 sed

296 2609 368 2656 oum
408 2589 611 2675 philosophia
641 2594 674 2655 et
705 2590 906 2678 mythologie
937 2596 1054 2657 natura
1083 2593 1169 2658 inter
1202 2611 1235 2656 ss
1269 2594 1487 2676 repugnantes

296 2717 470 2782 numquam
500 2695 541 2759 ad
572 2695 655 2760 idem
688 2696 853 2761 eonsilium
881 2719 945 2763 una
968 2698 1098 2763 tendere
1122 2700 1252 2783 possent
1273 2695 1335 2760 niei
1357 2717 1488 2781 prorsus

295 2805 438 2869 mutatae
469 2821 638 2866 conversae
668 2802 834 2880 oonfusae,
868 2825 970 2889 neque
1001 2804 1041 2868 ad
1073 2804 1134 2869 hoo
1157 2825 1238 2889 opus
1260 2802 1487 2888 perficiendum

294 2907 426 2993 iugenio
457 2907 534 2972 satis
555 2905 690 2991 polleret
703 2907 897 2995 Euripides,
923 2909 958 2974 in
982 2910 1048 2976 eius
1071 2931 1197 2996 quoque
1220 2910 1327 2975 animo
1350 2909 1434 2973 inter
1454 2930 1488 2974 se

294 3016 448 3100 perpetuo
472 3014 663 3098 pugnabant
687 3015 848 3101 alteraque
870 3017 962 3081 alteri
986 3019 1131 3083 nooebat.
1155 3016 1199 3082 Et
1218 3017 1487 3103 quemadmodum
1583 3013 1585 3018 ’

294 3120 330 3185 in
359 3123 428 3185 arte
458 3121 581 3207 tragica
603 3121 638 3185 iu
662 3122 767 3187 media
790 3123 842 3189 via
865 3124 1027 3202 substitit,
1051 3125 1168 3209 partim
1193 3124 1326 3209 antiqua
1349 3123 1489 3188 serravit

295 3227 414 3313 partim
437 3248 520 3292 nova
543 3228 693 3304 adscivit,
718 3231 751 3293 et
769 3230 816 3294 ita
834 3252 914 3315 opus
935 3231 1077 3296 condidit
1096 3229 1277 3296 constantia
1296 3250 1424 3307 oarens,
1443 3228 1489 3294 sio

295 3333 390 3398 etiam
412 3333 447 3398 in
469 3335 564 3400 rebus
587 3333 703 3400 divinis
727 3335 823 3401 simul
845 3337 1009 3421 religionis
1032 3337 1156 3402 fabulas
1175 3337 1325 3422 antiquas
1343 3335 1487 3421 philoso-

295 3440 452 3526 phiaeque
474 3461 557 3506 nova
576 3441 694 3527 placita
713 3445 855 3528 secutus,
869 3465 969 3529 quum
981 3443 1128 3528 oopulara
1140 3464 1207 3508 uon
1218 3446 1342 3528 posset,
1355 3441 1487 3507 diversis

296 3546 463 3613 affectibus
483 3548 684 3632 jactabatur,
709 3551 743 3613 et
761 3570 780 3613 a
798 3571 832 3614 se
854 3550 922 3635 ipae
941 3550 1097 3616 dissidens
1114 3552 1147 3615 et
1166 3549 1350 3616 discordans
1370 3549 1488 3615 frustra

297 3674 485 3719 eonsensum
510 3676 729 3740 summamque
753 3655 919 3720 veritatem
943 3656 1099 3742 quaesivit
1113 3656 1148 3742 ¹).

341 3760 405 3826 Vix
436 3783 516 3848 opus
547 3764 596 3826 ert
626 3782 771 3839 monere,
807 3761 834 3826 si
862 3761 978 3826 »deum
1001 3765 1128 3848 oportet
1150 3785 1216 3828 esse
1238 3761 1396 3849 probum”
1421 3763 1487 3828 sive

296 3868 427 3933 »nullus
449 3871 498 3934 est
521 3868 596 3933 deur
619 3868 698 3953 quin
722 3867 870 3934 omnibus
893 3868 979 3934 vitiis
999 3869 1139 3948 oaroat”,
1160 3870 1392 3955 mythologiam
1411 3869 1488 3936 fun·

296 3973 382 4039 ditus
413 3974 503 4051 tolli3
533 3961 618 4061 quod
655 3974 717 4039 niei
748 3975 936 4040 concesseris
967 3977 1021 4041 sed
1051 3977 1207 4061 quaedam
1230 3981 1340 4041 tamen
1362 3999 1489 4044 servare

296 4080 450 4159 volueris,
474 4101 556 4167 opus
576 4080 756 4146 aedifioabis
778 4085 863 4168 quod
883 4083 972 4147 omni
991 4082 1199 4149 fundamento
1219 4087 1343 4169 eareat,
1365 4083 1489 4150 levissi-

331 4333 359 4398 1)
378 4334 413 4383 Oi.
439 4334 596 4397 Boutorwok,
619 4335 648 4385 ds
670 4335 730 4402 phil.
755 4337 811 4388 ltnr.
830 4354 869 4404 pg.
887 4339 932 4390 11:
952 4339 1006 4389 ‚sod
1023 4355 1083 4404 qnae
1101 4339 1172 4405 vulgo
1188 4339 1344 4390 eredebautnr
1362 4356 1489 4409 respuens,

297 4416 360 4482 ipso,
386 4415 442 4481 quid
468 4419 585 4467 statuerat
608 4432 654 4467 non
678 4417 813 4479 inveniens,
838 4420 891 4470 dori
913 4437 961 4472 nou
983 4421 1063 4487 potuit
1079 4423 1137 4486 quin
1153 4421 1248 4473 sibimet
1263 4423 1314 4488 ipro
1329 4429 1489 4490 repugnaret,

296 4513 350 4548 oum
374 4499 444 4600 quo
467 4502 494 4549 ut
515 4503 609 4566 poetam
632 4501 710 4561 deoot,
728 4493 837 4552 assentiri
855 4519 980 4570 perperam
996 4504 1106 4565 eraditis,
1125 4505 1194 4555 modo
1211 4521 1249 4555 ros
1266 4521 1338 4556 noras
1355 4507 1436 4560 moliri
1453 4508 1490 4562 vi·

296 4582 400 4632 deretur.
412 4577 418 4599 ’
