3422 5362
755 441 821 506 203

184 622 352 710 qualemve
382 623 416 686 in
449 620 560 688 Oreste
587 622 704 709 (1084)
729 626 893 690 »mortuos
917 621 1042 707 gaudiis
1067 620 1207 700 carere'’,
1231 620 1377 707 profecto

185 729 315 796 nonnisi
339 732 536 795 mortuorum
556 729 775 795 infirmitatem
797 735 830 796 et
847 730 1069 816 impotentiam
1091 728 1237 794 vivorum
1257 728 1378 794 viribus

185 839 219 902 et
246 836 354 902 robori
382 839 567 921 opponant,
595 839 704 902 tamen
727 838 813 923 quod
836 837 872 903 in
895 837 1009 904 lboed.
1036 836 1129 921 (631)
1153 834 1379 900 Andromache

186 943 221 1008 τὸ
252 943 296 1021 μὴ
327 940 470 1020 γενέσθαι
494 943 535 1023 τῷ
561 944 660 1008 θονεῑν
683 943 745 1009 θεον
769 966 836 1010 esse
860 944 954 1022 dicit,
980 942 1238 1028 Polyxenamque
1261 943 1379 1006 macta

186 1053 253 1115 tam
284 1048 422 1114 affirmat
451 1071 484 1114 se
514 1049 560 1114 ita
588 1049 704 1116 habere
727 1051 817 1136 quasi
840 1071 1015 1137 numquam
1041 1050 1171 1115 vixisset
1193 1050 1273 1134 (636
1297 1049 1377 1133 sq),

187 1156 240 1222 vix
271 1155 364 1222 aliter
393 1156 545 1241 explicari
574 1158 682 1243 potest
711 1180 809 1244 qnam
840 1159 867 1223 si
898 1157 1075 1243 cogitemus
1099 1177 1227 1221 omnem
1251 1176 1380 1220 sensnm

186 1283 378 1348 omnemque
407 1283 513 1327 rerum
544 1262 757 1329 humanarum
789 1264 973 1330 memoriam
996 1267 1140 1328 mortuos
1163 1261 1306 1327 deficere.
1330 1259 1381 1326 Ex

187 1368 295 1433 eadem
320 1367 470 1453 opinione
495 1391 623 1435 manare
644 1370 764 1436 debent
783 1371 806 1435 ii
825 1372 886 1436 loci
904 1370 1019 1456 quibus
1039 1369 1266 1454 vituperantur
1289 1367 1382 1432 nimii

187 1475 406 1560 exsequiarum
438 1479 611 1560 apparatus
642 1480 680 1541 ut
701 1477 831 1543 inutiles
853 1476 942 1562 (Tro.
968 1476 1055 1542 1248
1079 1498 1165 1560 sqq.,
1190 1473 1315 1558 Polyid.
1341 1473 1379 1540 ir.

188 1581 282 1661 641);
317 1604 411 1660 nam,
441 1585 479 1648 ut
508 1582 544 1646 in
577 1582 740 1668 Meleagro
771 1583 854 1649 dixit
884 1583 999 1669 aliquis
1024 1581 1076 1668 (fr.
1103 1581 1187 1661 536,
1213 1602 1264 1665 ap.
1289 1577 1378 1646 Stob.

188 1689 276 1774 98,4.
304 1687 460 1773 121,25):
1152 1714 1174 1760 ·,

368 1796 438 1868 τοὺς
464 1795 580 1878 ζῶντος
604 1791 638 1862 εὖ
661 1798 750 1878 θρῖον·
775 1799 932 1863 uertente
957 1797 988 1862 u
1012 1801 1075 1869 ποῖς
1101 1797 1174 1875 ἀνὴρ

369 1910 412 1980 γῆ
436 1903 489 1967 ael
513 1903 603 1970 σκοοθ·
627 1905 663 1969 τὸ
687 1904 780 1982 μηδὲν
803 1905 845 1976 εἷς
871 1903 954 1970 οὐθὲν
977 1903 1081 1988 ῥέπει,

186 2031 268 2095 qnae
291 2009 400 2074 omnia
419 2010 624 2094 opinionibus
643 2011 845 2096 vulgaribus,
866 2032 994 2076 omnem
1014 2011 1171 2076 rationem
1183 2009 1293 2074 inferia
1305 2027 1379 2092 gra-

187 2115 331 2182 tificandi
354 2115 576 2195 laudantibus,
600 2139 729 2202 prorsus
751 2121 936 2203 repugnant
949 2115 985 2203 ¹).

233 2220 325 2298 Quod
356 2224 397 2287 ad
428 2223 654 2308 explicationes
684 2224 832 2310 physicas
862 2225 999 2302 attinet,
1031 2224 1170 2289 breviter
1195 2225 1324 2287 tantum
1346 2223 1382 2286 in

187 2329 372 2393 memoriam
403 2333 616 2394 revocandum
647 2335 695 2396 est
717 2331 802 2416 quod
826 2331 957 2414 exposui
979 2331 1015 2394 iu
1038 2350 1075 2394 ea
1098 2333 1206 2415 parts,
1230 2349 1311 2413 quae
1334 2332 1383 2392 est

188 2437 227 2500 de
261 2433 423 2520 Euripidis
453 2436 656 2522 philosophia
689 2436 828 2502 naturali
860 2439 927 2521 (pg.
954 2437 1111 2522 51-56).
1139 2435 1285 2501 Secunda
1306 2456 1381 2519 pars

187 2541 362 2627 fragmenti
397 2544 481 2620 836,
520 2564 584 2628 qua
615 2543 731 2609 dieitur
762 2544 1002 2629 unumquidque
1030 2565 1067 2608 eo
1090 2543 1192 2607 redire
1219 2544 1302 2607 unde
1322 2563 1381 2606 na·

188 2649 256 2712 tum
281 2647 340 2725 sit,
364 2653 548 2733 comparata
567 2671 638 2714 cum
659 2650 754 2714 variis
774 2650 940 2716 sententiis
959 2649 1223 2734 congruentibus,
1244 2669 1380 2733 quarum

187 2755 344 2841 quaedam
363 2777 383 2819 a
401 2755 518 2821 criticis
539 2757 658 2842 injuria
676 2756 811 2822 fortasse
829 2757 864 2821 in
876 2758 989 2830 νοθεθονς
1003 2757 1214 2842 suspicionem
1226 2755 1382 2820 adductae

188 2865 283 2939 sunt,
297 2897 338 2910 -
350 2861 433 2926 clare
452 2866 485 2926 et
496 2863 612 2928 diserte
623 2864 792 2948 profitetur
803 2863 987 2949 opinionem
1000 2865 1103 2928 morte
1115 2861 1255 2947 seperari
1266 2871 1381 2945 corpus

190 2972 223 3033 et
245 2968 402 3042 animam,
426 2989 561 3053 quorum
585 2969 665 3033 illud
690 2971 791 3034 redire
814 2970 854 3034 ad
877 2973 993 3034 terrem
1019 2972 1104 3034 unde
1126 2968 1298 3033 formatum
1323 2967 1383 3044 sit,

190 3073 274 3140 hanc
293 3075 333 3138 ad
352 3074 496 3152 aethera,
518 3097 605 3139 suam
625 3075 744 3140 scilicet
756 3076 924 3160 originem.
936 3075 1059 3140 Ibidem
1071 3074 1236 3140 ostendere
1249 3076 1383 3139 conatus

191 3203 261 3246 sum
288 3181 349 3246 hoo
378 3181 621 3267 philosophema
651 3203 718 3246 non
746 3182 897 3246 maiorem
921 3180 1039 3245 habere
1062 3180 1286 3266 cognationem
1310 3199 1382 3242 cum

190 3286 401 3372 Anaxagorae
424 3309 519 3373 quam
543 3309 616 3352 oum
640 3292 814 3380 ceterorum
832 3286 1094 3372 philosophorum
1115 3285 1259 3371 placitis,
1280 3306 1383 3369 neque

191 3393 275 3479 apud
295 3393 441 3478 aequales
460 3393 695 3479 antiquioresve
710 3416 902 3480 quemquam
913 3393 1053 3458 inveniri
1064 3392 1126 3458 nisi
1137 3391 1382 3478 Epicharmum,

191 3500 247 3585 qni
269 3499 352 3564 idem
375 3501 584 3585 proposuerit.

236 3604 341 3682 Quum
375 3628 557 3691 quaererem
591 3607 667 3693 quid
698 3606 844 3693 Euripidi
879 3608 917 3672 de
942 3607 1089 3672 universa
1112 3606 1178 3670 vite
1204 3604 1384 3688 videretur,

192 3713 301 3777 monui
321 3735 393 3778 eum
412 3717 548 3778 mortem
569 3713 662 3779 valde
673 3712 819 3798 laudare,
835 3711 1054 3797 nutricemque
1065 3713 1100 3777 in
1111 3709 1244 3797 Hippol.
1257 3710 1382 3795 (192-

195 3818 272 3906 198)
296 3820 487 3886 contendere
510 3819 656 3884 homines
677 3820 797 3906 injuria
819 3819 919 3885 vitam
943 3837 1066 3884 amare:

487 3925 524 3991 δι’
550 3927 747 4006 ἀπειροσύνην
771 3923 871 3990 ἄλλον
893 3923 1000 4002 βοθτον

487 4033 561 4098 κούκ
583 4030 740 4109 α’πθθεοξον
763 4037 822 4095 τῶν
847 4029 905 4096 ὑπὸ
928 4029 1045 4108 paler·

486 4140 590 4216 μύθοιο
614 4141 641 4206 θ’
665 4139 770 4214 ἄλλως
795 4135 985 4220 Φερθμεσθοο.

194 4267 378 4281 *—

226 4343 254 4408 1)
277 4343 334 4394 Ideo
358 4339 433 4392 σκιά
451 4341 477 4392 in
497 4343 551 4394 ut
572 4343 681 4394 univerae
697 4341 814 4408 eigniteet
837 4357 889 4392 rem
908 4357 1008 4406 renem,
1024 4358 1072 4393 non
1092 4340 1203 4393 ,Μεθ’
1219 4349 1385 4402 monueram,

190 4424 298 4490 qualeae
315 4425 430 4489 religione
449 4423 542 4489 vulgari
566 4425 640 4476 ritem
663 4425 781 4490 quendem
804 4424 886 4476 rivere
905 4423 1069 4476 credebantur.
1086 4424 1136 4475 hle.
1152 4424 1216 4484 cel,
1231 4421 1270 4474 ubi
1284 4423 1386 4474 Alceetie

190 4511 335 4560 mannum
350 4510 479 4559 Admetum
493 4507 530 4557 hie
547 4506 625 4559 verbis
641 4507 789 4558 consoletur:
808 4507 896 4568 χρθνοο
914 4505 1024 4572 Mutet
1041 4507 1074 4554 e‘·
1084 4502 1385 4564 οθδθνὶεθθκετθοννόν,

188 4591 319 4656 siguificare
336 4595 409 4657 puto:
427 4589 518 4641 mortui
534 4605 590 4640 mox
606 4589 633 4640 in
649 4588 793 4642 oblivionem
810 4588 905 4640 emunt.
