3408 5360
274 1610 349 1677 Non
386 1611 480 1676 morie
512 1611 701 1676 observandi
729 1633 823 1676 cauea
856 1611 910 1674 aed
931 1609 1045 1674 intimo
1069 1609 1167 1673 animi
1190 1631 1284 1675 eeneu
1307 1614 1413 1674 motus

228 1731 290 1798 hoc
321 1733 389 1798 loeo
421 1733 540 1817 gratiae
569 1752 629 1816 ago
653 1721 822 1810 omnibnS,
848 1753 982 1816 quorum
1007 1731 1193 1796 eruditionis
1216 1731 1352 1796 fructum
1377 1732 1411 1795 in

227 1854 340 1919 studiis
366 1854 443 1919 meis
466 1852 652 1918 academicis
675 1854 810 1938 percepi.

274 1974 360 2040 Ante
392 1995 501 2039 omnes
531 1976 591 2038 viri
617 1978 678 2040 duo
708 1975 787 2039 mihi
811 1975 1080 2040 commemorandi
1103 1979 1184 2040 eunt.
1211 1975 1337 2040 Primus
1359 1979 1413 2052 tu,

228 2096 279 2161 vir
321 2095 492 2160 clarissime
535 2116 601 2160 van
636 2095 811 2179 Lnnnvnr,
849 2100 1012 2180 promotor
1046 2095 1306 2173 honoratissime,
1341 2095 1412 2180 qui,

229 2239 421 2302 quamquam
447 2221 519 2286 tuae
541 2217 665 2283 scholas
687 2217 891 2302 frequentare
915 2217 992 2281 mihi
1015 2221 1193 2301 tempomm
1216 2218 1298 2281 ratio
1318 2220 1415 2282 dene-

230 2338 339 2423 μὴ,
374 2341 481 2402 amos
516 2321 609 2422 qnasi
639 2339 693 2403 eiu
724 2338 914 2422 discipulum
938 2337 1100 2402 habuisses
1115 2310 1157 2401 is
1180 2337 1241 2402 ess
1264 2338 1416 2421 spussurs

230 2459 459 2525 conscribendo
492 2460 647 2546 singulari
678 2482 728 2525 me
760 2459 910 2544 adjuvisti
943 2460 1177 2544 benevolentia,
1204 2458 1325 2523 nnllam
1349 2479 1415 2523 non

229 2579 310 2644 mihi
334 2581 460 2646 naveeti
483 2601 623 2665 operam.

275 2700 343 2766 Nec
372 2701 477 2765 minus
508 2707 601 2786 grato
629 2704 735 2767 animo
767 2723 842 2787 erge
865 2707 897 2766 te
919 2724 1006 2778 eum,
1031 2702 1080 2765 vir
1102 2702 1272 2766 clarissime
1295 2699 1416 2766 Corne·

230 2823 342 2905 lieeen,
369 2845 462 2907 quem
485 2845 551 2888 non
575 2825 678 2889 solum
701 2825 734 2888 in
757 2824 860 2909 spatio
880 2823 1058 2888 academico
1077 2823 1132 2887 aed
1154 2822 1248 2887 etiam
1270 2822 1305 2885 in
1324 2842 1416 2906 gym-

231 2944 313 3007 nasii
347 2944 492 3008 tirocinio
524 2949 757 3029 praeceptorem
790 2944 905 3009 habere
939 2943 1018 3008 mihi
1040 2944 1192 3029 contigit,
1219 2944 1307 3009 cuiun
1330 2966 1416 3008 eum-

232 3086 319 3130 mum
350 3065 384 3128 in
416 3086 467 3128 me
495 3066 634 3130 studium
666 3068 700 3130 et
729 3064 981 3130 benevolentiam
1012 3069 1161 3150 expertus
1183 3087 1253 3130 eum
1277 3065 1416 3149 quoties·

231 3206 357 3269 cunque
379 3185 530 3250 auxilium
554 3191 645 3251 tuum
668 3187 824 3254 invocavi.

277 3304 435 3370 Beneficia
459 3310 563 3372 vestra
588 3329 761 3392 numquam
785 3307 863 3372 mihi
887 3308 1072 3374 excidente
1096 3309 1253 3373 memoria
