3408 5360
805 419 847 484 39

226 601 399 667 sententias
423 624 489 668 non
513 602 615 667 solum
640 624 710 668 oum
734 602 916 688 philosophi
936 599 1130 670 Clazomenii
1148 606 1203 669 sed
1222 605 1317 669 etiam
1337 627 1408 670 oum

225 709 357 774 aliorum
381 709 522 774 virorum
544 709 715 774 illustrium
739 709 864 793 placitis
887 730 1086 795 componere.

268 815 452 900 Euripidem
486 816 591 901 ipsum
622 836 689 880 nou
717 815 849 882 obscure
879 839 935 880 sua
966 816 1072 882 studia
1102 820 1140 882 de
1167 838 1270 882 rerum
1295 818 1411 882 natura

223 921 417 1006 significasse
448 944 544 1008 supra
571 923 639 1008 jam
667 923 819 1000 vidimus,
853 923 908 986 sed
931 928 978 986 est
1006 922 1140 988 uliares
1163 923 1285 1007 dequa
1308 944 1410 1007 panea

224 1028 358 1092 dicenda
380 1031 465 1093 suut.
489 1028 679 1114 Plerumque
703 1027 884 1112 fragmenta
907 1027 1000 1092 uobis
1023 1029 1190 1093 tractanda
1212 1032 1321 1106 erunt,
1335 1029 1410 1112 quia

225 1135 327 1199 multo
346 1135 445 1199 maior
462 1135 697 1219 tragoediarum
720 1155 870 1199 numerus
890 1156 985 1218 quam
1001 1137 1137 1199 aetatem
1149 1135 1224 1199 tulit
1233 1134 1365 1212 interiit,
1377 1136 1410 1198 et

226 1261 264 1304 ex
287 1239 336 1304 his
359 1261 413 1305 eae
436 1241 620 1326 praesertim
645 1241 822 1305 sententiae
844 1262 926 1325 quae
949 1241 989 1304 ad
1013 1239 1246 1326 philosophiam
1270 1241 1410 1326 pertine-

222 1350 297 1410 rent
320 1351 485 1430 excerptae
507 1350 540 1411 et
561 1347 741 1431 posteritati
764 1347 900 1411 traditae
922 1350 1008 1413 sunt.

269 1451 434 1517 Prooemio
458 1456 562 1519 autem
588 1453 699 1518 monui
722 1452 870 1516 facillime
892 1453 927 1516 in
950 1473 1070 1518 errores
1094 1455 1207 1519 duoere
1225 1473 1318 1538 posse
1337 1475 1410 1518 sen·

225 1558 343 1624 teutias
361 1564 544 1645 excerptum
565 1560 635 1644 quis
654 1559 738 1624 enim
761 1558 892 1637 dixerit,
914 1580 977 1642 qua
997 1562 1122 1637 mente,
1146 1581 1209 1644 qua
1227 1559 1408 1637 occasione,

223 1665 409 1750 plerumque
438 1667 632 1750 ignoramus.
663 1664 713 1730 Ne
743 1665 843 1750 igitur
866 1686 953 1729 meae
975 1665 1075 1749 ipsius
1098 1665 1326 1730 observationis
1348 1667 1410 1730 im-

224 1791 346 1836 memor
369 1772 517 1837 audacius
540 1772 575 1836 iu
598 1772 692 1836 rebus
715 1771 856 1836 obscuris
880 1771 999 1835 versari
1022 1771 1140 1848 videar,
1165 1771 1227 1836 hoo
1245 1771 1410 1835 loooindi-

224 1877 360 1943 eandum
391 1881 440 1942 est
464 1879 518 1943 vix
548 1877 648 1943 ullum
679 1877 832 1942 eiusmodi
863 1877 1037 1963 perieulum
1070 1877 1173 1942 inesse
1202 1877 1238 1940 in
1267 1875 1317 1940 his
1340 1877 1410 1960 pla-

224 1982 295 2048 citis
319 1985 357 2048 de
379 2005 484 2048 rerum
504 1987 628 2048 natura.
648 1983 739 2047 Talia
757 1983 842 2046 enim
861 1983 1012 2067 quoniam
1033 2004 1106 2048 oum
1125 1983 1164 2047 iis
1176 1984 1303 2067 quaein
1315 2004 1411 2048 soena

224 2092 365 2173 aguntur
395 2112 507 2174 parum
538 2090 727 2166 cohaerent,
759 2089 812 2153 vix
841 2089 937 2153 refert
959 2093 1065 2153 utrum
1087 2089 1215 2153 fabulae
1237 2089 1411 2154 intertexta

224 2217 267 2258 an
290 2196 457 2279 separatim
481 2198 629 2280 excerpta
650 2196 815 2281 legantur3
840 2194 1009 2278 eademque
1033 2197 1071 2259 de
1095 2216 1188 2259 eausa
1213 2217 1276 2260 non
1297 2217 1410 2261 veren-

223 2300 299 2363 dum
334 2305 383 2364 est
417 2323 457 2365 ne
487 2323 558 2366 eum
589 2305 701 2386 poetae
731 2301 830 2385 ipsius
854 2300 1005 2385 opinione
1031 2305 1186 2384 pugnent.
1223 2300 1287 2366 Ubi
1311 2301 1411 2386 igitur

223 2406 404 2491 fragmenta
434 2408 629 2493 perspicuam
665 2407 819 2472 exhibent
849 2405 1057 2482 sententiam,
1081 2407 1182 2470 securi
1203 2406 1242 2470 iis
1265 2407 1311 2470 uti
1334 2429 1409 2492 pos·

223 2533 350 2586 sumus;
373 2513 429 2577 nbi
453 2535 527 2579 vero
546 2514 581 2576 in
600 2514 695 2578 rebus
715 2512 819 2576 dubiis
842 2532 1018 2588 versamur,
1045 2511 1224 2576 cautissime
1246 2511 1282 2575 in
1301 2533 1408 2578 eorum

222 2617 485 2703 interpretatione
508 2621 742 2705 procedendum
766 2640 833 2683 esse
857 2639 913 2703 per
936 2639 968 2682 se
991 2616 1194 2702 intelligitur.

268 2723 426 2800 Quoniam
456 2726 558 2792 varias
581 2726 756 2791 sententias
779 2723 982 2789 inveniemus·
999 2724 1040 2788 ad
1063 2727 1195 2788 eandem
1219 2746 1287 2789 rem
1310 2726 1408 2810 perti-

224 2834 354 2909 nentes,
386 2833 461 2916 peto
491 2837 528 2897 ut
554 2833 633 2913 mihi
656 2832 848 2896 concedatur
871 2831 1016 2916 negleeto
1040 2831 1276 2916 tragoediarum
1301 2852 1409 2916 super-

223 2936 337 3002 stitum
371 2938 422 3002 vel
456 2937 708 3023 fragmentorum
740 2938 852 3002 ordine
882 2937 1030 3022 protinus
1060 2958 1097 3000 ea
1128 2935 1245 3021 placita
1279 2936 1409 3021 aggredi

224 3064 306 3126 quae
335 3044 465 3108 maximi
494 3048 570 3109 sunt
594 3044 763 3120 momenti,
783 3043 858 3107 inde
885 3042 925 3106 ad
949 3041 1066 3106 leviora
1089 3042 1234 3106 transire.
1266 3041 1407 3106 Primum

166 3203 171 3214 .
223 3153 331 3214 autem
354 3150 497 3214 tractabo
521 3171 638 3235 paucos
662 3170 770 3214 versus
794 3170 873 3233 quos
892 3147 1072 3213 universam
1095 3146 1257 3232 Euripidis
1268 3145 1408 3232 philoso-

222 3254 318 3338 phiae
340 3257 493 3322 naturalis
515 3256 673 3321 rationem
696 3258 837 3340 spectare
861 3251 1108 3320 Valckenaerius
1131 3253 1277 3338 oonjeeit.

268 3358 414 3427 Clemens
438 3362 530 3428 Alex.
557 3361 685 3444 (Strom.
711 3361 751 3428 V.
776 3384 806 3446 p.
832 3361 910 3446 732)
933 3383 972 3426 ex
994 3361 1115 3424 incerta
1134 3359 1298 3444 tragoedia
1316 3359 1408 3424 nobis

223 3467 361 3533 servavit
384 3469 444 3533 hoo
466 3469 684 3554 fragmentum
710 3467 823 3555 (905):

538 3572 569 3646 ὃς
593 3575 668 3640 τάδε
691 3575 827 3639 λεύσσων
852 3573 915 3638 θεὸν
939 3571 1009 3651 οὐχ)
1034 3580 1102 3657 νοεῖ,

537 3679 770 3763 μετεωρνλδγων
794 3680 820 3744 δ’
845 3677 917 3750 inae
941 3678 1058 3757 ἔρριψεν

538 3790 664 3860 σκολιὰς
689 3786 839 3863 ἀπάτας,
864 3780 901 3849 ὧν
924 3784 1025 3862 ἀτηρὰ

541 3894 661 3971 yaeua’
684 3895 839 3972 εἱκοβολεῑ
859 3892 926 3972 περὶ
950 3897 1008 3956 τῶν
1032 3891 1159 3972 ἀφανῶν

542 4003 622 4066 οὐδὲν
646 4001 769 4080 γνώμης
793 4000 975 4080 μετέχουσαι
990 3996 1024 4083 1).

263 4147 290 4211 l)
307 4147 387 4212 Quum
410 4147 520 4197 Clemens
540 4147 710 4197 triumvirum
729 4147 811 4196 ,κατὰ
828 4145 871 4193 τὸν
888 4142 1032 4206 Εῡρνπίδνν”
1050 4139 1202 4203 δυσδαίμονα
1219 4145 1244 4194 et
1261 4140 1344 4192 elna
1361 4157 1410 4193 esse

226 4229 306 4288 dieat,
322 4229 505 4280 Vulckennerius
521 4230 590 4279 hosoe
608 4246 688 4280 versus
705 4229 738 4278 sio
754 4227 880 4294 dispennite

311 4309 457 4374 Δνσδνιίμων
473 4311 501 4371 ὃς
517 4310 580 4361 τάδε
597 4311 707 4362 κόπων
924 4305 955 4358 ἦν
972 4309 1052 4370 draps
1068 4307 1168 4371 ‘sedec'
1188 4304 1314 4370 ιῐννβολιῖ

311 4391 360 4443 θεὸν
377 4393 438 4458 ulmi
454 4395 518 4445 νννῖ.
529 4431 550 4443 ..
561 4431 582 4442 ..
973 4391 1028 4454 rupi
1044 4394 1093 4440 τᾶν
1109 4389 1208 4454 beardo

312 4513 316 4522 .
327 4513 332 4524 .
343 4515 347 4524 .
358 4514 363 4524 .
374 4515 379 4524 .
389 4477 578 4538 μηεωρνλόγων
594 4473 617 4524 δ’
922 4473 991 4524 obilu
1007 4471 1107 4537 γνώμης
1125 4469 1282 4535 μετέχουσα.

310 4557 368 4615 tuac
383 4558 477 4620 ’ἔρριψεν
496 4558 600 4616 σκολιὰς
616 4557 730 4616 ἀπάτας,
