3408 5360
788 473 830 538 23

264 655 346 722 (lum
369 656 498 721 nemine
521 660 629 721 tamen
655 657 814 721 amicitiae
837 656 974 722 vinculis
997 658 1200 742 conjunctior
1221 657 1318 724 fuisse
1343 680 1410 743 per·

217 763 355 841 hibetur,
380 784 446 827 uno
469 762 663 847 Anaxagora
687 768 829 849 excepto.
850 743 1001 840 Quamvis
1011 763 1047 828 in
1059 765 1199 829 naturali
1208 764 1412 849 philosophia

217 869 286 934 eius
315 868 538 934 auctoritatem
562 868 664 933 multo
689 869 795 936 minus
819 870 861 934 sit
884 874 1010 934 secutus
1032 891 1128 954 quam
1146 871 1243 955 vulgo
1255 870 1410 950 creditur,

217 977 257 1040 ut
277 975 364 1040 infra
386 975 553 1040 ostendere
571 976 714 1040 conabor
727 975 826 1060 (Part.
841 976 899 1061 II),
920 976 1061 1040 moribus
1072 979 1179 1041 tamen
1191 976 1219 1042 ei
1232 976 1411 1042 simillimus

218 1079 317 1147 fuisse
339 1081 475 1146 videtur.
500 1080 658 1147 Narratur
681 1082 767 1147 enim
789 1082 844 1146 ille
869 1104 993 1168 quoque
1016 1082 1125 1146 omnia
1147 1081 1324 1167 neglexisse
1335 1103 1411 1167 prae

219 1193 353 1252 naturae
376 1187 560 1272 cognitione
575 1186 607 1267 ¹).
631 1187 774 1272 Uterque
797 1192 866 1252 erat
888 1189 1007 1269 tristis,
1021 1189 1141 1254 alienus
1152 1212 1172 1253 a
1183 1189 1248 1255 risu
1262 1187 1300 1274 ⁵),
1313 1189 1411 1254 mori·

219 1293 280 1359 hus
314 1293 410 1358 castis
444 1298 477 1358 et
508 1295 634 1360 severis.
669 1293 838 1379 Euripides
873 1316 949 1359 sane
971 1317 1063 1360 suum
1086 1295 1249 1362 muliebris
1272 1296 1412 1362 levitatis

217 1401 327 1465 odium
357 1400 539 1484 saepissime
570 1401 760 1479 declaravit,
792 1405 957 1486 castosque
977 1403 1110 1486 juvenes
1133 1403 1285 1470 laudarit.
1318 1401 1412 1467 Veri-

219 1506 323 1571 simile
355 1510 404 1571 est
435 1528 507 1570 eum
541 1507 637 1571 etiam
662 1507 773 1571 ceteris
796 1509 1007 1592 Anaxagorae
1029 1508 1191 1594 discipulis
1214 1507 1414 1573 familiariter

220 1635 314 1677 usum
337 1611 442 1677 fnisse.
468 1611 610 1688 Quorum
633 1613 668 1678 in
693 1634 862 1677 numerum
886 1617 918 1678 et
941 1613 996 1678 alii
1018 1613 1202 1679 referuntur
1221 1652 1263 1664 —
1281 1617 1336 1679 aed
1348 1615 1413 1679 tes·

219 1719 365 1784 timoniis
388 1719 548 1804 ambiguis
565 1755 610 1768 —·
631 1742 651 1783 a
673 1719 746 1784 fidis
768 1741 843 1785 vero
865 1721 1046 1786 auctoribus
1065 1719 1202 1786 Pericles
1215 1717 1251 1806 ³),
1272 1721 1327 1806 qui
1347 1741 1413 1785 non

219 1825 327 1890 minus
346 1826 462 1890 severis
481 1826 543 1890 fuit
566 1825 726 1904 moribus,
752 1826 871 1910 quippe
894 1825 1045 1907 ἄθρυπτος
1070 1828 1112 1896 alc
1138 1827 1265 1904 γέλωτα
1289 1835 1413 1906 (secun-

219 1931 296 1996 dum
321 1932 555 2017 Plutarchum),
579 1936 628 2011 et,
654 1955 726 1998 cum
750 1935 852 1996 totam
876 1933 974 1998 vitam
994 1938 1194 1998 consumeret
1204 1935 1238 1998 iu
1250 1935 1414 2019 republica

219 2039 376 2123 regenda,
407 2039 533 2104 assidue
564 2042 690 2118 tamen,
721 2043 878 2124 quantum
908 2061 966 2124 per
997 2040 1059 2106 hoc
1081 2062 1199 2106 munus
1222 2040 1329 2126 licuit,
1354 2041 1414 2106 ho·

220 2143 344 2208 minum
367 2147 492 2210 coetum
516 2145 639 2210 vitavit.

264 2245 435 2335 Euripides
454 2272 521 2315 non
539 2250 642 2316 solum
664 2252 791 2317 auditor
811 2253 995 2338 disciplinas
1014 2251 1251 2338 philosophicas
1263 2253 1416 2338 cognovit

219 2379 329 2423 eornm
359 2359 416 2443 qui
440 2357 576 2422 Athenis
596 2359 823 2438 morabantur,
848 2360 902 2426 sed
925 2359 1122 2444 superiorum
1145 2381 1273 2446 quoque
1296 2360 1416 2444 scripte

219 2463 393 2542 lectitavit,
431 2466 516 2547 quod
552 2486 651 2548 quum
690 2464 900 2530 bibliothecae
931 2465 1189 2531 commemoratio
1201 2468 1229 2551 4)
1258 2465 1413 2543 declarat,

220 2571 291 2632 tum
314 2570 432 2654 partim
455 2570 522 2656 ipse
546 2570 727 2636 affirmarit.
751 2570 859 2636 Vshns
884 2593 981 2658 supra
1003 2571 1151 2652 laudatis,
1176 2571 1242 2638 965
1263 2593 1350 2658 sqq.:

605 2685 741 2757 ιιρεῒσσσν
765 2677 849 2744 οὐδὲν
872 2678 1035 2757 ’Andreae

606 2781 711 2865 ιρῦρσν,
737 2785 803 2850 οὐδέ
827 2809 856 2852 τι
882 2785 1050 2866 φάρμακον

612 2891 768 2971 Θρήσσνιιι
793 2892 823 2955 ἐν
846 2893 964 2957 σανίσιν
989 2892 1048 2963 τὰς

618 2999 755 3078 ’oporte
778 2998 980 3079 κατέγραψεν
1028 2981 1035 2995 ’

617 3112 713 3184 γῆρυς
728 3151 830 3170 .....
855 3103 994 3190 Orphica
1029 3127 1062 3170 se
1092 3105 1206 3190 legisse
1237 3104 1416 3190 significat,

221 3211 338 3296 quihus
368 3211 494 3276 animus
525 3212 593 3277 eius
625 3210 717 3276 valde
739 3216 903 3296 permotus
926 3211 1024 3278 fuisse
1048 3211 1190 3298 videtur3
1214 3233 1306 3298 saepe
1329 3211 1416 3276 enim

220 3317 340 3402 scripta
362 3321 395 3382 et
417 3319 569 3402 mysteria
593 3317 732 3404 Orphica
752 3317 891 3405 respexit
903 3319 940 3405 ⁵).

255 3543 283 3606 1)
303 3543 369 3607 Diog.
390 3545 421 3593 L.
440 3544 486 3604 (II.
506 3547 528 3594 8.
548 3545 584 3609 7.)
608 3546 681 3594 relect
696 3561 751 3594 eum
768 3547 878 3609 rogatum
894 3559 924 3593 an
941 3543 1046 3610 patriam
1062 3541 1125 3592 nihil
1142 3547 1238 3592 curaret
1255 3542 1408 3608 mpondiae

221 3621 348 3686 Εὐφήμει,
370 3622 428 3686 ἐμοὶ
450 3625 493 3674 nai
518 3624 613 3690 σφόδρα
635 3624 707 3687 μέλει
730 3629 777 3684 τῆς
798 3624 930 3687 πατρίδος,
954 3623 1038 3691 δείξαις
1055 3625 1098 3674 τὸν
1116 3622 1221 3686 sipario.
1239 3625 1418 3676 Patrimonium

219 3723 315 3772 quoque
328 3708 441 3771 neglexit,
455 3723 478 3757 v.
494 3709 562 3772 Diog.
577 3710 603 3758 L.
617 3710 654 3761 ΙΙ.
663 3711 686 3758 3.
697 3709 720 3768 6,
740 3708 810 3757 Plato
825 3708 900 3773 Hipp.
917 3707 972 3771 maj.
982 3725 1006 3773 p.
1016 3707 1065 3757 288
1074 3709 1104 3766 Δ,
1124 3707 1416 3758 Plut.vit.1¹0ricl.c.1o.

254 3791 283 3853 2)
300 3790 414 3840 Aelianus
433 3792 461 3840 V.
480 3791 514 3841 Η.
533 3791 604 3840 VHI.
622 3808 642 3842 c.
661 3793 706 3842 132
726 3791 895 3856 Ἀναξαγόραν
910 3788 974 3854 φασὶ
992 3789 1026 3851 μὴ
1044 3787 1161 3854 γελῶντά
1170 3801 1234 3839 scra
1243 3787 1342 3852 ὀφθῆναι
1351 3786 1418 3851 μήτε

221 3870 356 3934 μειδιῦντα
373 3875 419 3932 τὴν
439 3873 527 3937 ἀρχὴν.

256 3955 331 4005 Aulus
348 3957 441 4006 Gellius
458 3957 502 4020 (N.
521 3959 550 4006 A.
569 3958 620 4006 XV.
639 3973 659 4005 c.
677 3958 721 4022 20)
738 3956 798 4006 citat
814 3955 976 4006 Alexandrum
989 3955 1114 4006 Aetolum:

338 4039 351 4087 t
369 4037 391 4088 δ’
402 4039 570 4104 Ἀναξαγόραν
589 4040 709 4103 τρόφιμος
726 4042 804 4102 gasat
822 4039 946 4102 στρυφνὸς
963 4038 1008 4100 μιν
1025 4035 1114 4102 Ἰμσιγε
1130 4039 1283 4098 προσειπεῖν,

342 4121 385 4172 tal
402 4123 546 4183 μισσγιλῶς
563 4120 606 4170 καὶ
622 4119 742 4188 τωθάζειν
761 4119 816 4171 atet
834 4122 892 4184 παρ’
908 4117 970 4170 oleos
986 4117 1140 4184 μεμαθηκώς.

261 4203 289 4256 3)
305 4203 429 4254 Plutarch.
449 4204 498 4252 rita
515 4203 601 4254 Pericl.
620 4221 639 4255 c.
659 4205 708 4264 IV,
727 4205 762 4266 V,
781 4205 831 4263 Vl,
849 4205 920 4254 Plato
938 4205 1038 4254 Phaedr.
1057 4220 1080 4269 p.
1096 4202 1182 4254 itm.

260 4287 288 4351 4)
305 4285 336 4336 Bt
353 4286 442 4336 derisio
459 4286 522 4352 apud
539 4287 660 4352 Aristoph.
679 4289 738 4337 Rau.
758 4288 819 4346 943,
838 4287 911 4337 1409.

261 4371 286 4428 t)
303 4369 402 4436 llippol.
421 4368 467 4426 25,
486 4368 535 4418 ⁹⁶2
552 4384 611 4434 “lq-2
630 4371 658 4419 Ιο
677 4370 733 4428 551,
748 4369 848 4434 Cyclops
863 4370 920 4426 640,
936 4366 1419 4433 tr.eoa.Bemhudin·(11,s.pg.4oo)

226 4449 283 4500 haec
300 4451 368 4502 dicite
391 4453 466 4502 .Mau
483 4451 575 4500 eruin
592 4453 647 4501 daea
663 4468 689 4501 er
706 4452 766 4502 auch
783 4451 822 4500 dis
840 4451 964 4502 Schriiteu
981 4453 1024 4500 der
1040 4450 1163 4516 Orphiker
1177 4449 1227 4511 las,
1245 4451 1321 4502 denen
1337 4467 1364 4501 ar
1380 4449 1419 4500 ab·

226 4532 321 4598 geueigt
338 4533 412 4586 war?
438 4535 549 4598 Quonam
569 4533 642 4597 jure?
665 4533 744 4584 Verba
767 4549 839 4600 supra
859 4535 966 4600 apposita
984 4533 1025 4586 isti
1041 4533 1170 4584 autentim
1187 4549 1235 4585 uon
1252 4534 1343 4594 lavaut;
1363 4547 1419 4582 uam

225 4631 253 4665 σε
276 4631 305 4666 eo
327 4618 391 4682 qnod
415 4615 570 4666 Necessitstis
587 4617 718 4667 remedium
734 4617 830 4667 nullum
848 4617 873 4667 in
891 4617 921 4666 iis
938 4615 1034 4683 scriptia
1049 4631 1074 4666 aa
1090 4615 1208 4666 iuvenisse
1224 4616 1283 4666 dicit
1300 4631 1348 4666 uou
1364 4615 1421 4664 licet
