3422 5362
194 641 319 706 faceret.
346 640 485 706 Theseus
511 645 617 706 autom
645 661 712 704 non
741 640 872 704 omnino
901 643 1035 704 mortem
1061 642 1274 708 voluntariam
1291 643 1376 708 ritu·

191 752 298 833 perat,
322 749 377 812 sed
401 750 599 813 demonstrat
616 745 802 823 Herculem,
824 747 879 831 qni
896 749 1003 812 tantos
1021 746 1145 812 labores
1163 748 1291 833 tulerit,
1311 771 1377 815 non

193 856 300 919 decere
340 853 407 918 vita
441 854 594 938 migrare,
633 853 687 918 nbi
721 852 790 937 ipsa
824 853 908 917 vitae
942 853 1122 937 perfunctio
1156 853 1376 920 difficillimum

192 957 333 1024 laborem
364 959 525 1044 praebeat.
561 963 631 1044 Ipse
661 980 787 1043 qnoque
818 958 910 1023 heros
933 958 1046 1023 Thesei
1069 959 1212 1025 oratione
1233 960 1378 1026 velutin

194 1065 291 1130 situm
328 1067 492 1130 resocatus
527 1087 593 1130 uon
630 1064 767 1130 affirmat
801 1087 834 1129 se
862 1069 1001 1130 metuere
1031 1088 1072 1130 ne
1106 1071 1378 1151 peccaturus,

194 1172 247 1236 sed
271 1193 311 1236 ne
334 1171 531 1256 ignaviae
554 1169 680 1256 culpam
704 1170 765 1234 sibi
789 1173 1009 1236 contracturus
1029 1171 1128 1249 sit,si
1147 1176 1281 1239 mortem
1293 1175 1378 1240 ultro

194 1281 291 1362 petat.
316 1276 387 1342 Hoc
410 1277 510 1362 igitur
533 1276 699 1342 consilium
724 1275 846 1342 nullam
870 1297 942 1341 cnm
966 1277 1135 1362 disciplina
1157 1279 1380 1366 philosophica

192 1383 417 1470 cognationem
440 1383 557 1448 habere
579 1383 714 1449 videtur.

239 1491 353 1576 Itaque
382 1488 544 1574 Euripidis
576 1488 767 1554 sententiam
799 1509 895 1573 snpra
918 1489 1049 1553 relatam
1075 1512 1140 1555 non
1163 1513 1180 1555 e
1204 1491 1292 1558 fonte
1315 1493 1380 1578 Py·

194 1597 358 1682 thagorico
393 1595 597 1680 repetendam
632 1617 699 1660 esse
732 1599 821 1680 puto.
857 1595 969 1660 Potius
1000 1596 1159 1661 conferam
1188 1601 1379 1665 sententiam

193 1703 367 1780 Heracliti,
386 1703 421 1766 iu
444 1701 527 1766 libro
551 1702 616 1780 περὶ
641 1701 782 1782 φύσεως,
806 1723 899 1786 quem
923 1700 1070 1786 Euripidi
1089 1703 1129 1768 ad
1142 1727 1273 1770 manum
1286 1706 1381 1772 fuisse

193 1831 289 1895 supra
312 1811 388 1895 (pg.'
406 1808 463 1894 22)
486 1808 640 1884 vidimus,
666 1808 808 1874 docentis
831 1807 972 1872 divinam
996 1808 1135 1874 hominis
1154 1815 1381 1896 partem,oum

194 1918 326 1982 materia
349 1916 405 1980 rili
426 1916 461 1980 in
484 1916 551 1982 rita
574 1917 797 2000 conjunctam,
823 1917 924 1980 morte
945 1914 1090 2000 liberari;
1117 1923 1257 1983 nostram
1281 1919 1381 1984 ritem

195 2044 261 2088 esse
284 2025 413 2088 deorum
437 2025 590 2100 mortem,
613 2025 756 2086 nostram
780 2041 853 2085 vero
878 2025 1012 2086 mortem
1036 2037 1145 2088 eorum
1168 2025 1317 2111 ritam1).

238 2237 402 2322 Exemplis
433 2236 648 2302 demonstrari
679 2234 863 2318 Euripidem
895 2234 966 2300 aliis
996 2235 1074 2300 locis
1105 2236 1197 2302 aliter
1220 2239 1259 2304 de
1282 2247 1385 2306 morte

193 2343 362 2422 disserere,
386 2343 482 2409 modo
501 2341 735 2427 mythologice,
756 2341 850 2406 modo
870 2341 1018 2426 physice,
1039 2342 1134 2408 modo
1155 2342 1384 2430 philosophiae.

194 2449 233 2516 In
266 2451 306 2516 iis
328 2450 438 2527 rebus,
465 2472 546 2536 quae
569 2452 610 2515 ud
632 2449 766 2514 traditas
789 2469 940 2532 personas
963 2449 1103 2514 scenicas
1127 2451 1263 2516 maxime
1285 2455 1385 2537 perti·

195 2561 293 2640 nent,
325 2558 473 2642 vulgaros
504 2556 670 2641 opiniones
697 2555 883 2640 plerumque
906 2556 1061 2633 servavit,
1085 2578 1278 2642 quamquam
1301 2559 1384 2625 veri·

195 2661 299 2727 simile
333 2667 380 2728 est
411 2685 502 2742 enm,
533 2663 658 2748 quoties
688 2661 873 2747 diligentius
903 2661 1045 2746 cogitare
1069 2663 1241 2748 coepisset,
1260 2665 1299 2730 iis
1317 2687 1386 2731 non

194 2768 330 2854 amplius
352 2769 448 2834 fidem
470 2768 624 2834 babuisse

239 2873 423 2940 Sententiae
447 2875 512 2940 eius
534 2875 773 2960 philosophicae
800 2879 834 2956 et
854 2875 1004 2960 physicae
1027 2897 1094 2941 non
1117 2897 1227 2943 omnes
1248 2879 1334 2943 iuter
1352 2900 1386 2944 se

196 2985 354 3066 pugnant.
375 2981 407 3046 Is
426 2981 481 3066 qui
502 2985 595 3068 putat
613 2982 753 3046 animam
773 2985 875 3046 morte
894 3004 914 3046 a
932 3002 1064 3066 corpore
1085 2982 1271 3048 dissolutam
1282 2985 1386 3049 redire

195 3089 230 3152 in
265 3087 395 3152 aethera
427 3086 511 3152 unda
543 3091 620 3152 nata
646 3088 706 3165 sit,
738 3087 799 3152 sibi
829 3091 981 3152 constans
1008 3087 1112 3152 dicere
1134 3093 1254 3172 potest:
1281 3093 1316 3154 rt
1340 3091 1385 3168 μὴ

195 3195 337 3274 γενέσθαι
361 3199 403 3274 τῷ
426 3197 525 3260 θανεῖν
548 3193 611 3260 ἴσον
634 3193 736 3272 λέγω,
760 3197 794 3260 et
815 3215 857 3258 ne
879 3198 958 3259 tuno
980 3193 1108 3279 quidem
1132 3217 1237 3261 secum
1260 3199 1387 3281 pugnat

197 3303 251 3368 nbi
270 3303 333 3368 ait:
353 3302 400 3372 τίς
420 3296 500 3367 οἶδεν
517 3304 542 3367 si
563 3302 598 3366 τὸ
618 3301 671 3381 ζῆν
690 3303 748 3377 μέν
761 3302 825 3365 ἔστι
838 3303 1002 3367 κατθανεῖν
1014 3324 1043 3365 κ.
1055 3324 1085 3367 r.
1098 3316 1130 3366 λ.
1154 3301 1386 3367 Verumtamen

196 3412 290 3493 poeta
313 3409 380 3495 ipse
403 3407 489 3474 haud
513 3408 607 3472 dubie
628 3406 686 3474 has
706 3407 879 3473 sententias
899 3407 1093 3493 cogitatione
1113 3428 1287 3492 numquam
1307 3428 1385 3472 con-

198 3517 336 3581 tinuarit
367 3518 400 3581 et
431 3514 615 3599 conjunxit,
648 3535 750 3598 neque
782 3534 820 3577 ex
853 3516 964 3579 eodem
993 3512 1084 3578 fonte
1110 3513 1248 3599 repetiit.
1280 3511 1385 3588 Quum

197 3627 360 3707 praeterea
389 3621 499 3706 opinio
530 3619 587 3686 illa
617 3619 657 3686 ds
686 3619 784 3686 soline
813 3617 984 3684 Alcestidis
1013 3619 1165 3684 beatitate
1193 3619 1302 3684 futura
1332 3621 1386 3684 rix

199 3729 340 3813 copulari
360 3729 461 3814 possit
483 3749 554 3793 oum
579 3725 635 3792 illo
659 3727 803 3792 omnium
826 3727 1004 3792 animarum
1024 3726 1128 3791 reditu
1146 3727 1182 3792 in
1202 3728 1384 3791 universum

199 3835 345 3914 aethera,
379 3837 521 3920 praestat
552 3837 692 3900 statuere
721 3837 847 3919 poetam
880 3832 1055 3898 sententiae
1085 3833 1261 3910 incertum,
1289 3835 1387 3917 prout

201 3941 283 4006 ratio
304 3941 365 4007 loci
389 3940 552 4018 suaderet,
580 3979 620 3990 —
641 3941 781 4006 velutin
802 3939 961 4004 Alcestide
981 3938 1089 4004 fabula
1107 3947 1145 4004 ut
1161 3939 1239 4004 baec
1258 3938 1386 4004 virtutis

198 4048 374 4131 praemium
403 4046 545 4131 accipere
572 4046 771 4122 crederetur,
798 4045 833 4108 in
853 4044 1030 4110 Troadibus
1049 4049 1085 4110 ut
1107 4045 1256 4110 solatium
1280 4042 1385 4110 efferri

199 4153 310 4238 posset
329 4151 481 4219 Hecubae
503 4157 585 4240 cet„
610 4189 651 4202 -
676 4152 801 4216 diversa
824 4149 1005 4216 enuntiasse
1029 4155 1061 4216 et
1083 4149 1237 4218 laudasse.

197 4302 372 4314 --——-—

231 4384 258 4446 l)
280 4385 350 4450 Apud
374 4381 483 4448 Hippoi,
505 4383 577 4432 reiut.
602 4379 651 4432 lx.
677 4381 719 4432 lo:
739 4377 857 4428 alsamo
875 4377 969 4436 tonsol,
986 4378 1067 4436 smol
1082 4377 1213 4438 Mansa,
1230 4377 1325 4446 ζὸνπς
1342 4381 1386 4430 sav

199 4461 293 4516 iulans
311 4463 429 4522 θάνατον,
451 4465 494 4514 τὸν
517 4462 545 4514 δὴ
563 4461 658 4516 lutras
676 4465 728 4526 βίον
746 4461 891 4520 retrahar,
907 4463 938 4514 cl.
955 4461 1032 4512 cellar
1050 4463 1063 4512 1
1080 4479 1118 4530 pg.
1134 4463 1183 4512 640
1198 4479 1232 4528 sq.
