3408 5360
866 475 908 538 28

288 660 346 726 soli
371 658 551 724 adversario
577 657 763 734 adhaerere,
788 659 842 720 sed
866 655 976 720 multis
1003 654 1182 740 aequalium
1202 653 1483 736 communiaesse,

287 789 422 851 eumque
461 786 518 850 pro
559 763 691 827 mutatis
725 763 923 848 temporibus
956 784 1022 827 non
1057 760 1198 846 potuisse
1233 760 1368 825 scribere
1402 760 1484 824 sicut

288 872 460 957 Sophocles
484 870 661 954 scripserat.

333 979 380 1044 Ut
414 978 475 1041 hoo
510 996 575 1039 uno
610 975 755 1060 exemplo
787 975 962 1039 illustrem:
995 973 1076 1038 nihil
1108 976 1156 1036 est
1186 971 1365 1036 mirandum
1398 974 1482 1057 quod

287 1106 392 1168 neque
424 1082 598 1165 Aeschylus
630 1103 732 1166 neque
759 1080 930 1164 Sophocles
963 1079 1084 1164 delapsi
1115 1078 1248 1143 suntin
1271 1078 1386 1162 longas
1410 1100 1481 1143 ora·

287 1191 390 1254 tiones
425 1189 717 1272 disputationesque
752 1187 856 1250 forum
893 1186 1090 1263 redolentes,
1124 1184 1274 1269 quoniam
1306 1184 1482 1250 rhetoricae

288 1295 426 1360 studium
449 1295 488 1358 iis
509 1295 682 1378 juvenibus
705 1294 850 1357 nondum
875 1296 1020 1357 exortum
1040 1294 1125 1368 erat3
1147 1295 1317 1375 postquam
1336 1312 1411 1355 vero
1430 1291 1481 1354 in-

287 1402 389 1466 valuit
419 1423 486 1465 nou
517 1400 702 1485 Euripidem
736 1400 838 1464 solum
871 1400 900 1463 ei
932 1399 1004 1484 plus
1027 1420 1127 1483 aequo
1149 1398 1316 1482 indulgere
1339 1397 1483 1462 videmus

287 1509 342 1573 sed
366 1529 476 1572 omnes
500 1507 566 1571 fere
589 1507 672 1572 cives
691 1507 859 1591 ipsumque
883 1506 961 1570 adeo
988 1505 1147 1569 irrisorem
1174 1501 1442 1588 Aristophanem!
1458 1503 1485 1590 1)

333 1613 425 1678 Adde
461 1615 546 1698 quod
579 1612 748 1697 Euripides
772 1614 918 1696 tempora
941 1634 998 1676 sua
1020 1610 1165 1695 praeibat
1187 1611 1290 1694 magis
1313 1632 1410 1694 quam
1434 1631 1483 1674 se·

289 1721 464 1806 quehatur;
495 1721 542 1783 ita
571 1723 606 1783 ut
637 1719 686 1783 vel
710 1719 828 1781 maiore
852 1718 966 1782 aetatis
989 1717 1171 1781 discrimine
1195 1738 1214 1778 a
1236 1715 1396 1799 Sophocle
1419 1716 1484 1780 dis-

288 1828 417 1891 iunctus
439 1826 536 1890 fuisse
555 1828 639 1890 recte
652 1825 712 1889 dici
727 1825 826 1908 possit
837 1847 934 1909 quam
946 1824 1111 1906 utriusque
1124 1823 1246 1886 natales
1258 1822 1447 1886 indicarent.
1458 1821 1486 1907 ²)

335 1932 550 1996 Bernhardius
570 1930 761 2015 Euripideae
780 1931 856 1994 artis
877 1930 1034 2014 originem
1057 1931 1089 1992 et
1107 1929 1264 1992 rationem
1276 1928 1321 1991 sic
1334 1927 1487 2010 expressit

290 2039 357 2123 (pg.
392 2039 488 2123 396):
522 2036 711 2120 »Euripides
740 2037 782 2100 ist
806 2034 940 2100 Dichter
963 2036 1028 2098 und
1053 2033 1163 2118 Organ
1188 2034 1243 2097 der
1267 2032 1482 2099 Ochlokratic.

289 2144 389 2210 Nicht
422 2145 469 2208 als
500 2145 541 2208 ob
570 2166 604 2208 er
627 2143 769 2227 objektiv
793 2143 854 2206 den
879 2140 1099 2205 Thatbestand
1123 2138 1288 2203 derselben
1316 2141 1392 2203 oder
1415 2138 1484 2202 ihre

289 2249 655 2334 Krankheitgeschichte
694 2247 840 2332 geliefert
869 2247 977 2324 harre,
1012 2247 1150 2311 sondern
1186 2245 1236 2308 die
1270 2244 1484 2332 moralischen

289 2355 492 2420 Thatsachen
513 2357 605 2440 jener
628 2355 822 2420 Revolution
845 2354 957 2419 stchen
980 2353 1088 2417 hinter
1112 2352 1215 2416 seiner
1238 2349 1422 2434 Dichtung‚
1442 2350 1487 2414 sie

288 2462 419 2526 kdnnen
452 2461 625 2546 gleichsam
657 2459 813 2551 awischen
846 2460 907 2524 den
939 2458 1047 2523 Zeilen
1078 2458 1204 2542 gelesen
1235 2457 1380 2530 werden,
1413 2455 1486 2519 weil

287 2568 357 2634 ihre
383 2569 679 2652 Voraussetzuugen
704 2570 771 2630 und
795 2566 938 2630 Motiven
962 2566 1077 2628 daraus
1101 2564 1276 2628 abstrahirt
1297 2562 1403 2627 sind.''

334 2672 425 2748 cuod
456 2674 535 2738 mihi
566 2674 663 2758 paulo
695 2672 859 2736 obscurius
892 2693 951 2735 nec
983 2672 1061 2735 satis
1091 2674 1176 2734 recte
1205 2671 1324 2734 dictum
1349 2669 1484 2733 videtur.

289 2779 451 2862 Euripidis
474 2780 598 2844 indoles
618 2781 650 2842 et
667 2779 834 2862 ingenium
857 2798 924 2840 non
943 2777 1086 2860 profecta
1105 2779 1197 2840 erant
1214 2798 1252 2840 ex
1264 2775 1484 2840 Ochlocratiae

289 2885 429 2950 moribus
460 2885 515 2948 sed
546 2906 584 2948 ex
615 2884 724 2948 eadem
756 2905 881 2947 morum
913 2883 1097 2946 conditione
1126 2904 1142 2946 e
1173 2904 1237 2966 qua
1268 2904 1342 2946 mox
1366 2880 1485 2945 Ochlo·

288 2993 388 3056 cratia
418 2990 528 3056 Attica
551 2991 721 3057 emanavit.
755 2989 858 3074 Supra
881 2991 949 3075 (pg.
974 2991 1029 3076 21)
1054 2991 1185 3074 exposui
1208 2991 1368 3074 quomodo
1392 3009 1484 3071 sepa·

289 3102 400 3163 rentur
423 3103 457 3163 et
480 3097 701 3181 digrediantur
724 3097 763 3174 ii,
788 3096 843 3180 qui
867 3096 913 3160 nil
936 3097 998 3161 nisi
1022 3097 1123 3161 solida
1146 3096 1232 3160 bona
1252 3097 1381 3179 petunt,
1402 3093 1483 3170 etii,

290 3206 345 3289 qui
368 3204 525 3269 insolam
549 3204 852 3286 contemplationem
878 3225 982 3267 rerum
993 3203 1215 3267 incumbentes
1226 3201 1345 3267 leviora
1356 3220 1486 3284 prorsus
1533 3177 1541 3204 '

290 3312 478 3395 negligunt;
510 3311 593 3374 idem
621 3309 775 3374 iutmerat
797 3310 882 3373 iuter
906 3308 1117 3373 ochlocratiae
1140 3309 1311 3372 sectatores
1334 3309 1366 3370 et
1389 3304 1485 3368 Euri-

289 3417 411 3501 pidem;
441 3438 504 3500 quo
527 3415 648 3480 factum
672 3418 779 3480 estut
802 3419 834 3479 et
856 3416 891 3478 in
917 3416 1023 3479 multis
1046 3415 1140 3478 rebus
1163 3413 1372 3477 convenirent
1395 3411 1485 3475 etin

289 3524 398 3589 multis
430 3523 604 3589 differrent.
640 3521 723 3587 Fieri
754 3526 860 3586 autem
893 3521 974 3586 solet
1004 3523 1041 3585 ut
1059 3521 1099 3605 ii,
1125 3521 1180 3605 qui
1202 3541 1240 3583 ex
1262 3517 1485 3584 communibus

290 3629 447 3694 institutis
468 3629 602 3714 profecti
620 3629 743 3693 diversa
766 3632 895 3712 petant,
921 3649 986 3692 non
1011 3628 1116 3690 minus
1139 3627 1280 3691 sciptor
1304 3648 1336 3690 se
1360 3625 1486 3689 oderint

291 3758 386 3820 quam
407 3736 431 3799 ii
454 3735 509 3818 qui
534 3738 566 3798 et
588 3736 623 3798 in
646 3734 804 3799 institutis
828 3737 860 3797 ct
881 3734 915 3797 in
940 3754 976 3797 eo
999 3734 1083 3818 quod
1108 3737 1223 3818 petunt
1234 3731 1486 3807 dissideant3sic

288 3843 430 3926 tragicus
454 3861 579 3925 quoque
602 3840 814 3905 ochlocratiae
839 3859 955 3923 magna
978 3861 1016 3903 ex
1040 3841 1130 3923 parte
1149 3839 1284 3902 infestus
1308 3841 1394 3915 erat,
1415 3859 1484 3902 cam

291 4110 422 4174 vielseitige
445 4110 636 4160 Peradnlichkeit
659 4127 704 4159 von
728 4110 886 4174 subjcktivem
909 4112 1032 4175 chrlige,
1054 4110 1142 4158 welche
1158 4109 1196 4156 die
1214 4107 1371 4158 'Proditionen
1389 4109 1487 4158 verlicss

292 4194 339 4241 und
357 4193 395 4242 dic
412 4193 531 4243 sturhsteu
549 4193 690 4242 Anomulicn
707 4193 781 4257 rcigt,
799 4193 898 4257 hegehrt
916 4192 968 4242 cine
984 4192 1102 4241 durohuus
1118 4190 1273 4240 individuelle
1291 4189 1394 4240 Norm.''

327 4274 353 4339 1)
371 4275 406 4324 ef.
424 4275 591 4325 Lecuwcnium
608 4292 647 4341 pg.
666 4277 698 4325 82
715 4292 749 4340 sq.

325 4357 350 4418 2)
367 4359 517 4417 Mommsen,
549 4360 675 4409 Rdmischc
707 4359 790 4408 Gcsch.
814 4359 835 4408 I.
860 4374 898 4423 pg.
921 4359 970 4407 909
999 4358 1051 4407 „dic
1077 4357 1199 4424 Dichtung
1224 4358 1297 4407 wirkt
1323 4372 1371 4406 nnn
1398 4357 1487 4406 cinmsl

291 4439 460 4504 geschichtlich
484 4441 552 4490 nicht
573 4441 599 4490 in
621 4443 675 4492 dem
699 4443 778 4490 Marce
803 4441 867 4490 ihrcs
890 4440 1013 4490 obsoluten
1030 4440 1154 4499 Wcrthcs,
1171 4442 1273 4490 sondcru
1290 4440 1316 4489 in
1333 4440 1387 4489 dem
1405 4441 1488 4490 Messe

291 4521 335 4570 wie
353 4522 448 4571 rieden
467 4523 535 4572 Geist
549 4524 592 4572 der
605 4524 657 4573 Zcit
673 4539 717 4573 vor
734 4539 762 4572 au
776 4524 859 4573 lithlcn
873 4539 983 4587 vermcg;
1005 4523 1065 4572 und
1087 4521 1119 4571 in
1142 4523 1245 4572 dieser
1267 4522 1422 4572 Hinsicht
1444 4522 1488 4572 ist

291 4603 461 4671 Euripides
486 4603 759 4656 uniibertroilcn.’'
