3422 5362
316 1706 442 1786 QUID
467 1706 723 1782 EURIPIDES
749 1707 815 1780 DE
841 1708 1011 1783 MORTE
1036 1709 1274 1786 SENSERIT.

686 2146 874 2232 CAPUT
896 2149 930 2231 I.

501 2379 634 2428 vsnlsls
658 2380 876 2429 GRAEGORUII
902 2379 1099 2431 OPINIONES.

252 2545 424 2631 Postquam
457 2547 592 2612 tractavi
622 2547 784 2633 Euripidis
807 2549 983 2613 sententias
1006 2551 1045 2613 de
1068 2571 1173 2613 rerum
1198 2551 1331 2630 natura,
1356 2547 1395 2611 de

208 2652 338 2716 numine
370 2653 496 2731 divino,
523 2655 562 2718 de
585 2654 679 2718 rebus
702 2653 866 2738 humanis,
890 2657 990 2719 restat
1013 2658 1051 2718 ut
1072 2655 1233 2740 inquiram
1256 2653 1333 2739 quid
1358 2653 1397 2717 de

206 2762 307 2824 morte
337 2759 481 2824 senserit.
510 2757 558 2824 De
589 2782 652 2845 qua
678 2781 712 2826 re
735 2782 804 2825 eum
829 2760 1077 2826 incertissimum
1101 2760 1178 2826 ferri
1200 2760 1395 2836 videbimus,

206 2864 276 2929 aliis
298 2864 376 2931 loeis
399 2865 477 2931 alias
501 2870 644 2932 seeutum
668 2867 844 2952 opiniones.
865 2867 1023 2934 Homerus
1043 2871 1153 2933 auctor
1173 2868 1235 2932 fuit
1253 2866 1396 2951 vulgaris

205 2971 366 3055 opinionis
386 2971 599 3049 Graecorum,
623 2977 820 3038 mortuorum
844 2996 955 3038 manes
978 2995 1044 3038 esse
1067 2974 1155 3039 velut
1174 2974 1302 3038 umbras
1325 2993 1395 3038 eor-

204 3099 281 3163 pore
300 3079 467 3144 destitutas
486 3083 520 3144 et
539 3083 648 3144 tamen
668 3079 735 3144 eius
750 3080 886 3164 speeiem
898 3083 1077 3156 servantes,
1089 3081 1197 3159 texto
1208 3083 1241 3143 et
1252 3078 1394 3156 εἴδωλον,

204 3181 286 3262 ἄτιιρ
306 3185 412 3264 φρένες
430 3187 483 3250 oris
505 3183 545 3250 ἔνι
567 3186 705 3260 πάμπαν
718 3185 771 3269 (ll.
786 3173 911 3251 XXIII.
929 3187 1023 3269 104),
1038 3188 1104 3249 tam
1117 3185 1240 3251 tristem
1253 3185 1394 3250 viventes

204 3291 322 3368 vitam,
347 3291 397 3356 vel
419 3292 526 3377 potius
546 3295 697 3370 mortem,
717 3294 754 3357 ut
772 3291 914 3357 Achilles
935 3313 1042 3356 earum
1063 3291 1205 3356 omnium
1225 3290 1394 3376 imperium

204 3397 395 3483 posthabeat
413 3399 584 3464 humillimi
605 3399 743 3484 operarii
762 3399 846 3464 vitas
863 3399 921 3464 sub
933 3399 1008 3464 solis
1020 3398 1089 3464 lnoe
1100 3398 1247 3483 degentis
1259 3395 1332 3482 (Od.
1347 3397 1394 3462 XI

207 3505 272 3570 489
285 3513 365 3590 sqq.)
385 3505 583 3572 Morinorum
597 3506 752 3591 judicium
766 3527 833 3570 non
846 3506 983 3572 habetur
998 3504 1022 3591 ¹)
1033 3552 1041 3583 ‚
1054 3525 1156 3589 neque
1167 3504 1267 3588 igitur
1278 3503 1393 3567 distin-

207 3619 351 3698 guuntur
385 3617 483 3699 prout
514 3614 600 3698 juste
636 3617 691 3678 aut
719 3612 838 3697 injuste
863 3613 1020 3678 vixerunt.
1052 3609 1148 3676 Pauoi
1170 3611 1314 3690 tantum,
1338 3608 1394 3693 qui

205 3719 292 3804 ipsos
310 3722 386 3784 deos
398 3719 527 3786 nefariis
539 3718 710 3786 sceleribus
722 3719 911 3804 petiverant,
926 3718 1003 3782 diris
1015 3716 1179 3802 suppliciis
1193 3714 1394 3792 afficiuntur,

206 3827 244 3888 ut
266 3823 379 3910 Tityus
403 3824 561 3910 Sisyphus
584 3824 739 3889 Tantalus
752 3822 826 3908 (od.
837 3822 895 3889 XI.
910 3823 1120 3911 576-600);
1133 3820 1254 3908 parjuri
1267 3840 1393 3906 qnoque

205 3931 328 3997 duobus
351 3931 429 3996 loeis
452 3931 505 4016 (ll.
531 3930 590 3996 lll.
614 3931 678 3996 278
699 3952 757 4016 sq„
779 3929 870 3994 XIX.
890 3930 954 3994 259
968 3931 1052 4015 sqq.)
1073 3929 1109 3992 in
1128 3927 1263 3993 Tartaro
1275 3947 1395 4013 poenas

240 4152 267 4218 I)
285 4153 330 4202 Od.
348 4151 395 4202 Xl.
415 4152 463 4201 ota
482 4151 564 4200 Minos
581 4150 669 4202 dieitur
687 4146 840 4212 θεμιστεύειν
856 4146 983 4206 νίνινσσιν,
997 4149 1060 4214 quod
1073 4151 1154 4198 hmsu
1167 4146 1266 4198 minime
1279 4146 1396 4211 signifieat

205 4251 260 4286 sum
277 4236 305 4286 ds
323 4241 473 4285 mortuorum
491 4233 540 4284 rita
555 4237 651 4300 peraeta
662 4232 780 4296 judiciuin
794 4232 884 4291 hears,
901 4233 941 4282 ssd
956 4247 1040 4282 sorum
1055 4231 1110 4280 lites
1123 4244 1265 4294 componere
1278 4231 1302 4278 et
1317 4228 1396 4280 dooer-

206 4333 275 4378 uem
294 4333 377 4384 nempe
393 4331 463 4366 versu
481 4315 590 4382 sequenti
606 4315 707 4380 legitur:

540 4395 565 4446 ol
579 4393 607 4446 tl
623 4413 665 4458 μιν
682 4393 750 4458 ἀμφὶ
767 4392 837 4454 δίεσις
854 4393 947 4458 ἄροντο
964 4393 1069 4446 huma.

239 4479 320 4530 Minos
345 4479 409 4530 sulm
431 4479 495 4530 iuter
511 4479 578 4528 vivos
591 4478 664 4542 judex
680 4478 773 4537 iuerat,
788 4478 869 4544 itsqus
883 4479 946 4546 opud
960 4477 1049 4528 iniero·
1064 4476 1145 4528 eodem
1161 4491 1258 4528 munere
1273 4473 1395 4542 iungitur,

202 4562 400 4630 quemadmodum
420 4561 536 4612 Hercules
555 4559 681 4626 utrobique
700 4575 757 4610 arou
779 4559 864 4612 utitur.
