3408 5360
812 421 853 486 15

277 603 327 669 De
346 603 542 670 Electrae
563 606 668 670 aetate
689 605 767 669 mire
788 605 994 669 consentiunt
1014 604 1073 669 riri
1093 604 1188 670 docti.
1211 603 1329 668 Omnes
1342 605 1426 669 enim

226 711 297 776 sive
328 711 422 776 metri
453 709 707 776 conformatione
740 711 808 774 nixi
843 710 910 775 sive
942 710 1068 775 indiciis
1099 709 1257 774 historicis
1281 731 1352 773 eam
1376 708 1426 773 01.

227 817 330 894 91,4,
360 816 437 881 belli
468 814 640 882 Siciliensis
672 818 832 901 tempore,
863 837 975 881 scenae
1005 815 1205 881 commissam
1238 819 1377 880 censent.
1401 813 1494 901 1)111

277 920 391 1007 Neque
401 922 441 986 de
464 921 694 1008 Iphigenia
716 921 896 987 Taurica
914 921 1050 986 multum
1064 922 1247 1006 discrepant
1257 920 1317 986 viri
1329 921 1425 988 docti.

227 1027 341 1093 Fixius
371 1027 622 1111 cam,distincte
654 1028 785 1093 ascribit
815 1027 865 1094 01.
898 1028 994 1106 92,1,
1025 1049 1089 1112 qua
1119 1031 1167 1092 est
1190 1027 1367 1091 temeritate
1390 1027 1424 1090 in
1442 1044 1490 1092 411

228 1134 424 1220 indagandis
447 1138 626 1218 temporum
648 1134 785 1199 indiciis.
810 1133 937 1220 Reliqui
961 1156 1070 1199 omnes
1094 1133 1283 1219 conjecturis
1303 1134 1367 1198 suis
1387 1134 1428 1197 ad

228 1245 354 1306 certum
388 1263 509 1305 annum
541 1241 756 1306 deliniendum
785 1262 850 1305 nou
883 1241 1036 1319 veniunt,
1070 1241 1124 1306 sed
1156 1243 1291 1325 aposta
1313 1240 1427 1304 ultima

228 1350 335 1412 aetate
358 1347 509 1432 scriptam
534 1347 730 1411 existimant.
748 1350 775 1432 ²)

322 1529 341 1613 ὅ
367 1530 398 1593 3.
427 1528 595 1595 Catulario.
627 1529 700 1594 Tres
723 1542 836 1594 aetates
858 1532 1012 1618 opinionis
1036 1533 1072 1595 de
1096 1531 1183 1596 rebus
1206 1534 1328 1596 dimota.

276 1680 327 1746 Ex
359 1682 398 1746 iis
427 1704 509 1767 quae
539 1683 577 1748 de
607 1683 787 1747 dramatum
818 1682 976 1747 aetatibus
1009 1682 1169 1767 disputari
1200 1682 1262 1747 hoc
1293 1683 1429 1751 efficitur

231 1791 269 1852 ut
299 1788 334 1853 in
364 1789 583 1873 persequenda
612 1789 736 1853 ratione
765 1810 829 1873 qua
850 1810 908 1873 per
933 1788 1083 1873 temporis
1107 1811 1233 1854 cursum
1264 1789 1428 1876 Euripidis

266 2010 352 2074 ltaque
373 2009 393 2060 ai
415 2010 455 2060 his
478 2010 696 2076 computationibus
720 2009 812 2074 aliquid
838 2009 1007 2070 tribuendum,
1032 2011 1077 2060 Ion
1100 2011 1168 2061 nullo
1190 2013 1261 2062 modo
1278 2013 1303 2062 lu
1320 2013 1429 2078 priorum

232 2089 366 2143 tabularum
390 2108 490 2143 numero
513 2094 553 2142 sed
570 2092 702 2142 Troadibus
716 2092 837 2158 posterior
852 2091 974 2142 habendus
990 2096 1034 2142 est.
1060 2093 1111 2157 Ilgo
1129 2094 1193 2143 enim
1211 2095 1249 2144 vix
1266 2095 1361 2144 credere
1377 2111 1430 2161 pos·

232 2189 285 2223 sum
301 2189 369 2223 caeco
386 2191 441 2224 casu
460 2175 549 2225 iactum
567 2191 616 2224 esse
633 2179 660 2224 ut
677 2183 781 2239 quatuor
798 2173 855 2223 illae
872 2174 1007 2238 tragoediae
1024 2174 1122 2240 (quibus
1139 2176 1193 2240 Iph.
1212 2177 1238 2226 ’1.
1256 2177 1340 2241 procul
1357 2177 1430 2228 dnbio

232 2255 292 2305 mihi
314 2257 442 2322 adjungere
464 2257 521 2306 licet
537 2274 558 2306 v.
580 2257 652 2307 huius
669 2272 706 2322 pg.
725 2259 806 2305 snuot.
825 2257 853 2321 1)
877 2255 1051 2323 posterioribus
1067 2257 1135 2308 annis
1152 2258 1255 2323 scriptae
1272 2259 1371 2308 undem
1388 2261 1429 2309 ha·

230 2337 303 2388 beant
318 2341 497 2406 proprietatem.

268 2421 332 2470 Mihi
354 2422 431 2486 igitur
453 2423 482 2472 lo
504 2421 607 2487 scriptas
624 2437 674 2471 esse
691 2421 787 2471 ridetur
802 2423 857 2487 post
874 2421 978 2469 Troades
994 2421 1011 2470 i.
1029 2437 1051 2471 e.
1070 2425 1124 2486 post
1142 2422 1183 2470 01.
1200 2422 1241 2472 ol.
1260 2423 1282 2472 1.
1309 2421 1428 2472 Nonnulli
1444 2429 1494 2478 sle

232 2503 277 2553 aibi
293 2502 336 2556 risi
353 2507 410 2554 sunt
426 2505 531 2554 civitatis
548 2507 625 2554 ateius
642 2504 840 2569 significationem
857 2503 988 2568 repperisse
1005 2504 1030 2552 in
1049 2505 1115 2553 lonis
1133 2504 1427 2556 orationededifficultate

233 2586 366 2652 capessendi
383 2589 408 2636 et
424 2588 562 2637 moderandi
579 2587 750 2653 rempublicam
767 2587 950 2644 Atheniensem,
968 2583 994 2634 in
1013 2585 1425 2654 111111111ω1ιφόβουπλίᾳ”(νι.

234 2668 301 2732 ool).
327 2671 396 2734 Quae
420 2669 508 2718 indicia
531 2671 552 2719 si
575 2686 622 2720 nou
637 2670 673 2719 via
687 2685 785 2736 prorsus
802 2669 939 2734 negligere,
956 2668 1063 2733 proiecto
1081 2668 1143 2718 nulli
1160 2669 1263 2734 tempori
1280 2670 1356 2734 magis
1371 2686 1428 2720 con-

233 2751 331 2801 ueniunt
346 2767 418 2818 quam
435 2752 475 2801 01.
492 2752 532 2802 aa.
552 2753 565 2800 1
583 2769 638 2802 cum
656 2755 736 2818 partes
753 2752 908 2818 optimatium
925 2753 950 2800 et
967 2751 1120 2816 popularium
1137 2751 1163 2800 in
1180 2751 1333 2802 infestissima
1350 2760 1428 2802 castra
1443 2757 1492 2805 411

233 2837 308 2884 nent
325 2834 421 2885 divisse.

267 2916 293 2980 l)
313 2915 481 2966 Boiesonadiua
498 2916 591 2981 primm
607 2916 708 2980 conjecit
726 2916 897 2966 Dioscurorum
916 2915 1191 2981 verba(va.1ssteq.)
1209 2917 1240 2964 ab
1258 2913 1281 2965 δ’
1290 2912 1334 2966 isrl
1341 2918 1431 2966 πόντον

232 2998 329 3047 Σικελὸν
351 2997 447 3062 σπονδῇ
470 2995 582 3047 σώσαντι
605 3002 661 3048 νεῶν
684 2995 780 3060 accipere
804 2994 908 3056 ἐνάλους
930 3001 1037 3064 spectare
1058 2998 1150 3048 cladem
1173 2998 1337 3059 Siciliensem,
1363 2999 1431 3049 cuiua

233 3080 331 3130 nuntius
353 3081 424 3130 modo
445 3081 552 3130 Athenas
573 3085 634 3131 esset
656 3081 757 3131 delatus.
784 3083 835 3130 Nec
858 3082 983 3146 quisquam
1006 3096 1094 3144 negare
1115 3084 1207 3145 potest,
1225 3081 1282 3146 qnia
1298 3081 1364 3131 locus
1381 3083 1431 3148 ipse

233 3161 330 3211 minime
346 3165 427 3228 poscat
443 3163 518 3212 maus
534 3164 607 3213 Siculi
625 3163 752 3227 classisque
770 3163 931 3228 periclitantia
948 3164 1109 3222 mentionem,
1126 3163 1199 3213 etiam
1217 3164 1302 3212 inritis
1317 3163 1432 3215 11111111-

233 3241 288 3292 dere
303 3243 483 3308 significationis
498 3245 664 3311 suspicionem.

265 3327 339 3391 Atqui
353 3343 401 3376 non
420 3326 552 3378 verisimile
566 3331 602 3377 est
613 3331 706 3393 poetam
716 3329 770 3392 post
778 3327 869 3377 cladem
878 3329 1023 3392 postremam
1035 3326 1112 3377 adhuc
1120 3341 1186 3392 spem
1195 3325 1279 3376 salutis
1288 3327 1432 3387 ostendisse;

233 3413 257 3458 et
276 3413 356 3459 tamen
380 3409 434 3458 duis
455 3407 549 3458 tabulae
570 3409 610 3458 rix
635 3411 691 3458 ante
716 3408 834 3459 Helenam
849 3411 927 3458 aotam
944 3409 997 3471 (01.
1016 3410 1055 3458 91.
1074 3412 1128 3458 4=
1142 3408 1202 3469 412)
1220 3409 1365 3474 compositas
1381 3425 1431 3459 esse

234 3495 316 3555 potest.
343 3494 407 3541 Nam
431 3490 541 3540 Dioscuri
563 3490 609 3555 (vs.
630 3491 695 3540 laec
710 3491 775 3556 sqq.)
798 3493 899 3541 narrant
924 3491 1062 3541 Menelaum
1084 3507 1112 3541 ea
1136 3495 1246 3558 Aegypto
1263 3492 1360 3541 rediisse
1375 3509 1431 3542 cum

235 3573 337 3631 Helena,
362 3589 423 3639 quae
449 3589 611 3639 numquam
637 3573 766 3624 Troiam
792 3574 1004 3640 pervenisset;
1038 3589 1105 3624 nam
1129 3575 1254 3624 inanem
1278 3575 1431 3638 quandam

234 3654 299 3705 eiua
319 3655 487 3720 imaginem
509 3656 653 3706 Paridem
675 3659 818 3707 secutam
840 3672 912 3706 esse.
940 3656 1015 3706 Valde
1032 3655 1115 3706 dubito
1133 3671 1192 3706 num
1210 3657 1271 3706 hanc
1288 3656 1365 3720 mythi
1383 3656 1432 3706 ior·

234 3751 296 3786 mam
312 3753 398 3787 novam
415 3738 558 3801 theatroqae
571 3737 679 3802 ignotam
695 3741 746 3786 1111
762 3738 843 3802 paucis
861 3737 940 3787 verbis
956 3737 1106 3787 iudicaturus
1120 3737 1219 3798 fuisset,
1237 3737 1283 3786 nisi
1300 3753 1353 3787 eam
1361 3741 1433 3788 antea

235 3818 339 3870 Helenae
356 3817 437 3870 tabula
452 3818 570 3884 copiosius
586 3819 757 3885 explicavisset.

266 3901 357 3953 Buram
379 3917 491 3952 renuam
508 3916 622 3952 numerus
641 3901 766 3951 mediocris
783 3905 808 3951 et
824 3901 986 3952 diverbiornm
1002 3903 1080 3952 forms
1097 3902 1218 3952 declarare
1235 3900 1348 3952 sidentur
1365 3901 1433 3954 labu-

235 3983 281 4034 lsm
302 3989 357 4036 aate
381 3984 500 4034 Helenam
522 3999 571 4033 ease
590 3983 753 4050 compositam.
780 3985 810 4033 In
829 3985 873 4033 hac
889 3985 1084 4034 testimoniorum
1101 3984 1260 4049 discrepantia
1276 3984 1339 4034 nibil
1356 3983 1432 4036 babeo

234 4068 294 4130 qued
315 4067 443 4132 conjiciam
465 4064 511 4114 nisi
535 4065 639 4116 iabulsm
654 4067 791 4116 inchoatam
808 4067 858 4116 sive
874 4067 952 4117 multo
969 4067 1019 4116 sive
1036 4066 1102 4116 brevi
1120 4070 1175 4115 ante
1194 4065 1326 4124 Helenam,
1344 4067 1432 4132 imper·

235 4149 318 4200 lectam
336 4149 441 4214 jacniaae
464 4151 488 4196 et
505 4147 578 4197 simul
595 4163 649 4197 cum
666 4164 694 4197 ea
713 4151 755 4197 aut
772 4148 839 4199 brevi
856 4153 922 4215 post,
944 4148 1018 4198 allato
1035 4147 1121 4198 nuntio
1139 4148 1275 4213 desperatae
1292 4148 1373 4198 classis
1391 4151 1432 4200 ad·

235 4231 290 4280 ditis
307 4233 479 4282 Dioscurorum
495 4229 604 4296 partibus
621 4231 761 4280 festinanter
777 4231 912 4281 absolutam
931 4247 986 4281 csse

267 4314 292 4374 2)
310 4313 454 4378 hartungus
470 4312 535 4362 sulas
551 4327 603 4362 eam
620 4312 660 4362 01.
679 4312 724 4370 89,
743 4313 765 4360 8.
785 4313 902 4362 ascribere
920 4313 1016 4362 ridetur
1034 4311 1170 4378 (Enmpidea
1186 4312 1313 4362 restitutus
1337 4312 1372 4362 11.
1391 4329 1430 4378 pg.
1455 4314 1503 4365 sal

238 4393 301 4460 les).
320 4395 391 4446 Nihil
408 4395 517 4460 proiecto
533 4397 599 4444 vetat
616 4394 673 4460 quin
691 4409 743 4444 eam
759 4393 785 4444 iu
802 4398 978 4462 postremarum
996 4393 1131 4444 tabularum
1146 4409 1272 4444 numerum
1283 4395 1430 4460 redigamus;

236 4491 289 4528 nam
310 4481 335 4529 et
357 4481 463 4528 metrum
486 4476 582 4526 licentis
606 4477 660 4526 tluit
683 4477 763 4528 laxum
781 4483 806 4528 et
820 4478 927 4528 diverbia
945 4477 1065 4528 abundant
1083 4476 1261 4542 atichompthiis
1279 4477 1432 4542 versibusque

236 4557 354 4626 bipartitis
370 4559 501 4611 continuis.
