3422 5362
769 489 831 559 191

208 671 308 758 4973:
332 671 414 738 nihil
432 671 517 737 mala
535 671 656 738 femina
674 671 865 758 purascere,
885 693 996 739 rerum
1020 673 1101 740 nihil
1113 674 1200 741 bena
1211 674 1402 740 cumulatius

207 777 433 866 perfectum1).
466 775 590 845 Chorus
619 778 653 844 in
681 777 815 845 Hecuba
841 781 945 865 (1183
966 783 1050 867 sqq.)
1081 779 1244 860 »Nolite’',
1272 781 1393 867 inquit,

206 889 332 950 >tetum
352 905 454 971 genus
471 884 541 950 eine
554 884 736 951 discrimine
747 885 994 970 reprehendere3
1007 886 1125 953 multae
1136 889 1281 952 nostrum
1294 887 1396 952 malae

206 995 299 1070 sunt,
325 991 443 1057 multse
466 991 596 1056 veroin
619 990 774 1057 malarum
799 1013 931 1058 numero
953 992 1072 1078 injuria
1095 992 1295 1072 habentur;''
1323 993 1396 1079 qni·

207 1099 338 1164 buscum
360 1097 607 1164 consentiuntur
629 1099 688 1164 lon
714 1099 780 1165 398
803 1121 872 1186 sqq.
897 1103 929 1164 et
953 1098 1073 1165 Protea.
1098 1100 1138 1166 fr.
1162 1101 1239 1167 658.

252 1201 332 1271 Gum
367 1204 412 1270 sic
435 1227 454 1268 a
476 1205 637 1270 communi
659 1209 845 1291 contemptu
869 1205 1075 1272 vindicantur
1098 1209 1399 1292 demonstraturque

207 1311 365 1398 injustitia
376 1332 496 1389 eorum,
508 1311 608 1396 quiin
621 1314 725 1377 totum
739 1331 841 1396 genus
852 1311 1031 1397 promiscue
1041 1312 1250 1393 invehantur,
1263 1312 1399 1378 maiores

208 1439 335 1504 quoque
363 1417 473 1482 laudes
495 1419 633 1484 exstant.
659 1415 813 1484 Admetus
835 1417 956 1484 fractus
979 1419 1088 1485 dolore
1110 1424 1204 1506 rogat
1226 1419 1304 1505 quid
1328 1419 1398 1486 viro

208 1524 250 1590 sit
272 1523 401 1611 grarim
424 1546 520 1608 quam
543 1523 640 1588 fidam
665 1526 796 1608 perdere
818 1545 947 1590 uxorem
971 1526 1055 1610 (Alc.
1077 1525 1142 1592 879
1163 1527 1244 1614 eq.);
1265 1548 1305 1592 ex
1326 1525 1397 1592 An·

206 1631 321 1717 tigcna
349 1634 493 1697 senatur
523 1629 585 1695 hoc
611 1629 829 1714 fragmentum
853 1632 951 1716 (164;
978 1653 1029 1718 ap.
1053 1631 1143 1698 Stcb.
1168 1634 1230 1712 67,
1258 1633 1319 1711 14,
1341 1631 1398 1718 qui

205 1737 324 1824 injuria
346 1735 594 1822 Hippothccnti'
609 1735 738 1808 tribuit.
765 1735 828 1803 vid.
855 1735 982 1804 Nauck.
1005 1738 1042 1804 iu
1065 1738 1132 1804 eins
1155 1739 1235 1823 ed.):

455 1857 577 1940 epora
600 1857 681 1939 οὶυδρδ
708 1867 816 1937 κτῆμα
841 1859 1006 1938 συμπαθὲς
1029 1862 1118 1940 γυνή.

207 1985 240 2047 et
263 2004 280 2048 e
302 1981 422 2048 Phrixe
445 1979 548 2069 (Stob.
571 1981 650 2047 ibid.
676 1980 736 2061 15,
760 1981 859 2050 Dind.
883 1983 923 2050 lu.
947 1984 1045 2070 819):

456 2091 534 2167 γυνὴ
557 2089 622 2168 γὰρ
645 2089 675 2153 ἒυ
699 2097 819 2155 κακοῖσι
843 2090 895 2156 καὶ
920 2089 1014 2163 adrosa
1038 2090 1126 2156 αὸσεο

456 2195 576 2272 ἥδιστον
600 2196 684 2275 ἔσσο,
709 2195 830 2275 δώματ’
854 2197 890 2273 ἢν
912 2198 979 2279 οἷαί
1004 2204 1125 2276 καλῶς,

455 2304 547 2384 ὀργήν
570 2326 606 2368 σε
629 2301 806 2382 πραΰνουσα
830 2302 882 2369 καὶ
906 2303 1073 2382 δυσθυμίας

462 2409 570 2491 ψυχδιυ
594 2411 770 2487 μεδοσσᾶσ’.

209 2537 247 2581 ex
269 2515 393 2582 incerta
415 2517 581 2602 tragoedia
603 2516 694 2603 (ibid.
721 2518 758 2603 8,
784 2515 882 2582 Dind.
906 2516 946 2586 fr.
974 2517 1091 2602 1041):

455 2622 625 2705 οἰκοφθόρον
648 2623 712 2702 γὰρ
736 2621 831 2702 ἄνδρα
856 2623 966 2689 κωλύει
989 2626 1067 2702 γοοδ

455 2731 547 2806 eolat
571 2729 828 2813 σαοαζευχδεῖσα
847 2731 900 2796 καὶ
921 2728 1008 2811 σώζει
1027 2730 1147 2810 δόμους.

252 2834 337 2912 Quin
356 2835 451 2901 etiam
472 2857 539 2901 uno
558 2841 592 2902 et
609 2836 710 2902 altero
729 2835 800 2902 loco
819 2836 957 2903 feminae
977 2859 1086 2904 sexum
1107 2836 1294 2903 muliebrem
1312 2834 1399 2903 virili

208 2945 369 3027 praestare
403 2942 523 3008 dicunt.
559 2942 683 3009 Ohcrue
717 2944 752 3009 in
787 2942 867 3008 Ione
900 2943 982 3022 illis,
1015 2944 1072 3030 qui
1103 2943 1241 3010 feminas
1275 2965 1402 3029 semper

208 3048 408 3133 vituperant,
431 3049 510 3114 dicit
534 3050 669 3138 (1090):

637 3156 718 3238 ὃροῖδι
732 3205 830 3224 .....

592 3259 659 3328 ὅσον
682 3264 813 3348 εὐσεβίᾳ
836 3269 1007 3346 κρατοῦμεν

591 3369 694 3436 ἄδικον
718 3367 822 3449 ἄροτον
845 3371 967 3451 ἀνδρῶν.

252 3474 404 3542 Similiter
433 3475 468 3540 in
492 3475 604 3542 Medea
624 3476 740 3542 chorus
764 3477 884 3542 Iasonis
905 3477 1073 3563 perfidiam
1095 3477 1267 3564 respiciens
1291 3475 1399 3542 excla-

209 3586 278 3648 mat
299 3583 411 3669 (419):
460 3581 587 3663 ἔρχεται
612 3584 693 3662 σιμοὶ
713 3587 878 3664 γυναικείῳ
900 3585 1001 3663 γένεο·

456 3689 556 3756 οὐκέτι
579 3690 766 3762 δυσκέλαδος
790 3690 890 3774 Φάμα
915 3699 1068 3771 γυναῖκας
1092 3687 1164 3767 ἕξει.

253 3793 299 3860 Et
320 3794 355 3860 in
378 3795 481 3882 primo
506 3797 592 3862 ritae
609 3795 771 3882 Euripidis
790 3796 962 3864 summario
981 3819 998 3862 e
1018 3795 1200 3884 Melanippe
1222 3795 1335 3883 (Dind.
1359 3795 1399 3863 lr.

211 3899 291 3987 501)
312 3899 486 3968 laudantur
508 3907 573 3969 trae
595 3903 630 3968 hi
652 3903 783 3970 senarii:

433 4009 539 4086 μα’σηυ
561 4006 609 4092 ἄρ’
632 4011 676 4082 εἰς
699 4017 853 4088 γυυαῒααο
877 4007 912 4088 if
932 4009 1044 4092 dederis
1067 4009 1167 4090 ψογοο

437 4114 576 4196 ψάλλει,
601 4115 685 4182 ccclv
708 4113 867 4194 τόξευμα,
890 4117 943 4182 καὶ
967 4122 1070 4189 κακῶς
1094 4117 1193 4196 slyer.

435 4222 469 4287 αδ
493 4220 521 4286 δ’
543 4220 600 4289 εἷο·
623 4224 767 4302 ἀμείνους
790 4222 932 4305 cipriane,
963 4224 1024 4302 lys
1047 4221 1142 4304 lire.

218 4425 402 4442 .-.---·--··

248 4557 273 4628 l)
290 4558 385 4610 Similis
400 4557 507 4611 invenias
527 4559 597 4628 apud.
617 4557 675 4614 lies.
692 4563 765 4628 oper.
784 4555 834 4614 loa
849 4575 915 4628 sqq..
932 4557 1024 4614 Simon.
1040 4561 1137 4628 tmcrp
1155 4561 1186 4613 lr.
1205 4561 1221 4612 t
1239 4576 1277 4628 ap
1297 4561 1401 4630 Bergk..

211 4639 283 4708 squ
301 4641 403 4692 snm.
420 4641 451 4692 s.
469 4642 527 4696 ecs
