3418 5356
847 425 910 489 112

623 713 639 797 ἓ
664 713 695 777 4.
727 711 789 777 Dii
810 712 953 778 coelerum
976 725 1124 778 auctores.

326 912 430 988 Quum
448 911 547 996 igitur
566 909 659 995 probi
678 910 712 974 in
726 930 820 974 scena
832 907 1006 995 Euripidea
1018 908 1240 994 Olympiorum
1252 908 1475 975 infirmitatem

280 1021 504 1103 levitatemque
533 1017 693 1082 liberrime
726 1016 956 1101 reprehendere
989 1017 1131 1094 soleant,
1156 1016 1295 1101 improbi
1318 1039 1388 1081 eam
1408 1015 1474 1081 oal-

282 1126 345 1191 lide
368 1125 404 1189 in
428 1146 520 1188 suum
546 1145 636 1189 usum
656 1108 859 1188 convertunt.
884 1121 1043 1186 Humanis
1067 1122 1154 1187 enim
1175 1121 1307 1207 flagitiis
1326 1123 1473 1188 coelitum

283 1233 348 1296 sive
371 1230 436 1295 vim
455 1230 520 1296 sive
543 1229 721 1315 exemplum
748 1232 780 1293 et
803 1229 1024 1293 auctoritatem
1048 1230 1274 1313 praetendunt.
1298 1229 1383 1295 Nam
1403 1229 1475 1313 quis

282 1337 342 1401 diis
376 1335 520 1401 resistere
551 1335 676 1420 possit?
706 1337 749 1400 Et
781 1334 808 1398 si
838 1356 878 1398 ne
910 1333 959 1398 illi
988 1335 1115 1418 quidem
1139 1334 1320 1420 voluptates
1344 1335 1477 1399 vincant

283 1443 337 1508 sed
356 1442 395 1508 iis
413 1440 604 1524 indulgeant
623 1441 712 1505 omni
730 1439 815 1505 vitae
835 1439 1003 1505 sanctitate
1024 1440 1189 1523 neglecta,
1209 1441 1368 1525 quomodo
1380 1440 1413 1504 id
1424 1441 1475 1504 in-

282 1548 411 1614 firmum
441 1568 543 1633 genus
575 1546 751 1612 humanum
782 1547 884 1631 possit
916 1545 1063 1631 assequi?
1088 1546 1126 1611 In
1150 1546 1329 1632 Hippolyto
1352 1547 1475 1632 (433-

284 1656 364 1740 481)
398 1653 508 1718 nutrix
538 1652 717 1718 Phaedram
741 1655 851 1718 monet
874 1657 910 1718 ut
932 1653 1032 1717 amori
1054 1652 1167 1718 illicito
1190 1653 1375 1740 indulgeat3
1400 1676 1474 1720 nam

282 1761 390 1827 insani
418 1782 484 1825 esse
514 1759 634 1826 Veneri
664 1759 808 1825 resistere
836 1758 991 1834 volnisse3
1017 1781 1119 1844 neque
1143 1759 1177 1824 id
1200 1759 1313 1826 Jovem
1336 1759 1477 1845 potuisse

284 1868 335 1934 vel
359 1867 497 1952 reliquos
520 1868 611 1944 deos;
637 1886 690 1931 eos
714 1887 754 1930 ne
777 1869 910 1931 conatos
932 1865 1060 1950 quidem
1084 1887 1150 1932 esse
1173 1868 1228 1931 sed
1247 1887 1349 1950 aequo
1369 1865 1476 1931 animo

288 1995 320 2039 se
343 1973 431 2038 vinci
452 1993 561 2057 passos
584 1971 758 2056 tranquille
780 1971 885 2036 adhuc
907 1959 943 2036 in
966 1970 1054 2038 coelo
1077 1971 1236 2057 habitare,

741 2079 797 2143 »οὔ
822 2077 885 2157 γὰρ
909 2076 989 2143 ἄλλο
1013 2078 1094 2152 πλὴν
1117 2073 1235 2159 ὕβρις

486 2182 557 2249 τάδ’
582 2185 666 2267 ἐστὶ,
690 2183 816 2260 κρείσσω
841 2183 990 2263 δαιμόνων
1014 2179 1092 2250 εἶναι
1116 2184 1245 2253 θέλειι”.

329 2294 390 2378 Pg.
428 2292 493 2379 104
520 2291 657 2356 vidimus
688 2289 845 2357 Theseum
876 2291 989 2355 iisdem
1020 2289 1084 2356 fere
1114 2292 1311 2376 argumentis
1342 2291 1475 2358 Herculi

283 2399 471 2485 persuadere
505 2396 615 2462 conari
651 2419 692 2462 ne
727 2397 821 2462 caede
856 2395 1027 2462 liberorum
1058 2397 1154 2462 nimis
1190 2398 1298 2462 animo
1327 2402 1475 2482 angatur.

283 2505 407 2571 Helena
439 2505 475 2568 in
497 2502 613 2568 Troad.
640 2504 715 2588 (941
743 2505 826 2587 sqq.)
850 2504 988 2567 testatur
1009 2502 1156 2568 Paridem
1181 2502 1329 2589 Spartam
1353 2505 1476 2570 venisse

284 2636 357 2679 cum
380 2610 602 2697 potentissima
625 2611 684 2675 dea
708 2610 808 2674 socia:
833 2609 866 2673 »i
889 2612 923 2674 et
941 2611 982 2676 ab
994 2609 1050 2674 illa
1069 2631 1189 2695 poenas
1207 2633 1295 2676 sume
1314 2633 1377 2696 qno
1392 2611 1475 2677 Jove

284 2720 425 2804 superior
466 2717 542 2794 fias,
586 2717 641 2801 qui
683 2737 794 2780 omnes
832 2717 907 2781 deos
949 2717 1011 2781 sibi
1044 2717 1204 2801 subjectos
1239 2717 1352 2796 habet,
1388 2719 1476 2784 illius

283 2806 357 2891 varo
380 2825 447 2909 ipse
471 2844 580 2888 seruus
603 2821 683 2886 est’'.
705 2820 903 2906 Eurystheus
925 2822 959 2886 in
980 2822 1221 2889 Heraclidarum
1241 2823 1306 2889 fine
1324 2825 1475 2891 saevitiae

284 2953 359 2996 suae
382 2929 508 3014 culpam
530 2928 566 2992 in
589 2927 689 2993 solam
713 2926 876 2993 Junonem
899 2928 1025 2993 confert
1048 2929 1152 3014 (990).
1188 2934 1224 2994 In
1248 2929 1477 2997 Andromacha

283 3036 451 3102 Menelaus
473 3033 569 3100 Peleo
592 3035 765 3119 respondet
787 3033 943 3099 Helenam
966 3056 1033 3100 non
1059 3035 1143 3101 ultro
1166 3039 1222 3102 sed
1245 3036 1475 3102 immortalium

284 3142 451 3208 voluntate
472 3139 684 3206 ›laborasse”.

331 3248 391 3315 His
426 3268 552 3333 quoque
586 3247 843 3312 excusationibus
877 3248 987 3312 subest
1020 3248 1129 3332 opinio
1163 3248 1218 3313 illa
1248 3251 1316 3334 jam
1351 3251 1477 3335 saepius

284 3357 531 3421 commemorata
562 3356 636 3418 deos
667 3355 812 3437 oportere
837 3375 935 3437 puros
965 3375 1046 3432 esse;
1073 3355 1168 3439 idque
1191 3356 1313 3440 optime
1333 3356 1476 3422 illustra·

285 3466 338 3527 tur
372 3460 495 3526 ratione
529 3482 592 3545 qua
627 3459 705 3525 boni
739 3481 791 3524 aas
823 3460 992 3545 accipiunt.
1026 3460 1147 3546 Turpes
1176 3483 1243 3526 esse
1273 3463 1372 3547 probe
1402 3485 1476 3529 sen-

284 3569 389 3645 tiunt,
433 3568 486 3632 sed
530 3588 596 3630 non
639 3587 749 3631 omnes
790 3565 912 3631 habent
946 3569 1032 3650 quod
1067 3570 1141 3652 apte
1175 3569 1398 3653 respondeant.
1434 3570 1474 3635 ln

284 3674 462 3758 Hippolyto
494 3672 655 3749 Phaedra,
683 3672 827 3756 quamvis
851 3693 959 3736 amore
983 3672 1140 3750 cruciata,
1165 3673 1282 3739 nutrici
1305 3676 1479 3759 respondet

284 3780 504 3864 turpissimum
546 3800 613 3843 esse
655 3779 720 3844 eius
763 3778 929 3843 consilium
972 3778 1162 3864 indulgendi
1197 3781 1373 3865 voluptati,
1409 3783 1476 3847 eius

285 3890 475 3971 argumenta
508 3905 583 3949 vero
614 3884 756 3950 refellere
787 3885 914 3969 nequit;
946 3884 1025 3949 dicit
1055 3888 1181 3949 tantum
1207 3882 1240 3950 εὖ
1264 3887 1368 3964 λέγεις
1393 3889 1476 3966 γὰρ,

285 3995 404 4072 αἰσχρὰ
437 3990 477 4056 δέ.
509 3990 638 4055 Etenim
670 3995 765 4075 poeta
794 4013 893 4075 quum
923 3989 1136 4075 Hippolytum
1167 3992 1318 4057 scriberet
1348 3993 1478 4078 singula

285 4100 412 4184 quidem
456 4099 586 4183 peccata
630 4097 759 4160 deorum
795 4097 1083 4181 improbabat,
1118 4119 1176 4163 nec
1210 4100 1318 4164 tamen
1354 4121 1476 4185 nega-

285 4205 372 4282 bat,
405 4204 556 4288 quoniam
588 4205 721 4267 naturae
749 4203 876 4268 divinae
899 4203 1052 4268 sanctitas
1077 4205 1220 4268 nondum
1244 4205 1326 4271 clare
1349 4211 1381 4271 et
1403 4229 1477 4292 per·

287 4310 393 4395 spicue
416 4310 483 4374 eins
507 4308 609 4374 menti
633 4309 825 4393 apparebat,
849 4311 1005 4394 utsupra
1028 4310 1138 4374 monui
1158 4310 1225 4396 (pg.
1251 4313 1311 4376 101
1333 4316 1366 4377 et
1388 4314 1478 4400 104).

288 4415 408 4481 Verum
435 4419 603 4499 postquam
622 4413 703 4478 illud
721 4417 834 4498 poetae
850 4414 998 4480 distincte
1009 4436 1193 4499 persuasum
1207 4419 1270 4481 eat:
1284 4420 1359 4483 deos
1371 4420 1480 4484 nullos

296 4542 362 4587 esse
385 4519 448 4585 nisi
472 4524 618 4600 sanctos,
641 4519 784 4585 videmus
807 4519 976 4586 Herculem
1000 4519 1113 4586 Thesei
1137 4522 1313 4587 orationem
1338 4524 1481 4590 refellere
