3408 5360
788 421 830 488 19

210 606 392 672 homiuibus
414 625 487 670 cum
507 603 567 669 diis
590 624 656 668 non
674 624 741 668 esse
766 605 976 687 pugnandum
990 600 1027 687 ¹),
1040 601 1095 666 sed
1106 601 1166 666 hos
1181 602 1287 686 potius
1300 603 1405 668 missis

211 711 345 778 acutulis
368 708 630 776 meditationibus
653 708 838 794 simpliciter
861 729 927 773 esse
951 710 1153 773 reverendos.

256 817 342 894 Quae
375 838 414 881 ex
449 816 500 880 his
533 814 682 880 omnibus
714 836 780 878 non
811 815 880 879 sine
912 814 978 878 veri
1009 814 1113 898 specie
1136 812 1244 898 colligi
1268 818 1408 898 possunt

212 925 320 1010 paucis
349 922 554 1008 complectar.
584 920 752 1006 Euripides
782 942 881 1006 prope
910 941 1009 1004 usque
1039 921 1080 983 ad
1104 919 1404 1004 quinquagesimum

214 1028 325 1094 aetatis
357 1050 478 1094 annum
510 1050 529 1091 a
559 1027 713 1111 religione
744 1027 892 1112 populari
915 1047 1030 1111 parum
1052 1025 1237 1090 dissensisse
1260 1026 1407 1104 ridetur3

214 1138 271 1199 aut
300 1135 326 1199 si
353 1135 422 1220 jam
452 1137 532 1199 tunc
562 1133 692 1217 singula
721 1133 877 1217 quaedam
901 1132 930 1197 ei
961 1131 1067 1196 minus
1090 1131 1273 1215 placerent,
1298 1134 1406 1196 tamen

215 1244 357 1306 noudum
392 1239 439 1305 ita
469 1239 612 1304 animum
644 1239 889 1304 commovebant
920 1241 956 1303 ut
985 1237 1080 1303 fidem
1113 1237 1345 1303 labefactarent
1376 1240 1409 1302 et

216 1346 320 1432 palam
351 1345 550 1411 enuntianda
573 1365 640 1410 esse
662 1343 691 1408 ei
714 1344 907 1409 viderentur.
933 1343 1014 1408 Tum
1035 1363 1129 1419 vero,
1149 1343 1260 1426 primis
1284 1343 1409 1408 circiter

216 1453 291 1518 belli
312 1451 573 1536 Peloponnesiaci
596 1450 689 1515 annis
712 1450 883 1516 manifesto
907 1451 945 1515 de
968 1449 1124 1533 religione
1145 1449 1309 1529 dubitare,
1331 1453 1408 1516 deo·

216 1581 286 1624 rum
309 1558 514 1642 antiquorum
538 1560 686 1621 naturam
706 1556 925 1641 imperfectam
944 1555 1125 1640 indignari,
1145 1553 1264 1620 fabulis
1276 1555 1407 1641 mytho-

216 1664 327 1750 logicis
357 1663 453 1728 fidem
484 1666 641 1748 denegare
668 1663 791 1748 coepit;
816 1685 881 1748 qua
903 1664 956 1728 ria
981 1683 1057 1726 cum
1080 1664 1245 1745 pergeret,
1270 1663 1408 1746 exceptis

218 1771 405 1856 quibusdam
435 1768 588 1854 temporis
618 1769 747 1853 spatiis,
778 1791 836 1853 per
871 1768 1008 1854 amplius
1033 1767 1151 1852 viginti
1174 1789 1277 1834 annos
1300 1769 1410 1834 eodem

217 1877 283 1944 fere
312 1877 419 1944 auimo
450 1876 486 1941 in
515 1875 662 1960 vulgares
691 1878 822 1940 deorum
848 1876 995 1940 notiones
1019 1873 1117 1940 fuisse
1141 1874 1285 1954 videtur,
1309 1877 1412 1940 donec

218 1985 331 2051 ultima
353 1984 438 2050 vitae
460 1986 566 2048 catate
589 2003 643 2048 eos
664 1982 855 2067 impugnare
879 1982 983 2048 demit.

705 2276 909 2288 ——ae

673 2523 861 2610 CAPUT
883 2524 965 2610 ΙΙΙ.

472 2759 518 2808 DE
541 2759 698 2809 bromus
722 2759 766 2808 ΕΤ
790 2758 940 2808 melculo
967 2758 1157 2809 EURIPIDIS.

579 2932 597 3014 ξ
622 2929 651 2995 1.
677 2928 728 2994 oe
751 2930 920 3017 saepae
942 2930 1053 2996 semu.

261 3111 482 3198 Perlegentem
506 3111 557 3176 vel
580 3110 689 3175 tenuia
713 3109 895 3176 testimonia
907 3109 935 3196 ¹)
955 3113 1099 3176 veterum
1121 3111 1159 3175 de
1171 3108 1334 3195 Euripidis
1345 3110 1413 3175 vita

217 3240 284 3287 non
314 3221 421 3304 potest
444 3216 522 3302 quin
545 3221 678 3300 occupet
700 3217 862 3302 persuasio
885 3239 957 3282 eum
981 3240 1001 3281 a
1026 3216 1129 3302 poetis
1153 3216 1349 3302 aequalibus,
1372 3217 1412 3282 iis

216 3323 403 3410 praesertim
438 3322 494 3408 qui
528 3324 633 3388 aetate
667 3323 763 3407 paulo
799 3323 977 3407 superiores
1012 3327 1118 3388 essent
1153 3323 1285 3407 iugenio
1317 3322 1413 3388 fuisse

216 3430 474 3497 diversissimum.
506 3428 712 3493 Desideratur
744 3429 778 3493 in
810 3428 866 3493 illo
891 3429 990 3494 animi
1014 3430 1095 3494 bene
1114 3429 1284 3513 temperati
1304 3429 1413 3514 aequi-

216 3541 283 3620 tae,
320 3536 426 3602 cuitus
465 3535 630 3600 absolutus
660 3557 895 3619 consensusque
926 3534 1085 3620 perfectus
1118 3535 1262 3599 omnium
1295 3536 1414 3600 mentis
1476 3585 1480 3596 .

217 3643 421 3728 corporisque
454 3640 664 3720 facultatum,
701 3641 817 3726 quibus
849 3642 982 3707 omnino
1005 3640 1131 3726 antiqui
1154 3641 1299 3707 homines
1322 3645 1355 3706 et
1377 3641 1412 3706 in

216 3753 385 3836 poetarum
409 3769 541 3812 numero
565 3752 639 3812 ante
662 3769 773 3813 omncs
796 3747 967 3832 Sophocles
990 3747 1198 3813 excellebant.

263 3855 352 3932 Quae
374 3852 542 3920 harmonia
565 3857 786 3919 consummata
809 3857 942 3920 naturae
965 3858 998 3919 et
1021 3854 1157 3932 formae,
1182 3877 1246 3940 qua
1266 3854 1412 3920 universe

217 3961 489 4028 circumscribitur
522 3960 602 4024 illud
636 3963 723 4044 quod
757 3960 922 4025 classicum
958 3981 1126 4038 vocamus,
1162 3961 1228 4026 sive
1268 3961 1303 4024 in
1335 3962 1415 4026 artis

218 4068 435 4134 monumentis
465 4069 615 4151 apparet,
646 4065 769 4130 sivein
793 4066 993 4150 singulorum
1016 4066 1184 4131 hominum
1207 4067 1323 4131 animis
1347 4067 1412 4132 sive

215 4175 252 4240 in
274 4174 433 4240 institutis
455 4173 657 4256 moribusque
681 4173 780 4238 totius
799 4173 929 4252 actetis,
952 4195 1052 4258 quum
1073 4173 1168 4238 semei
1181 4173 1410 4251 estdissoluta,

251 4399 281 4463 1)
296 4395 438 4448 Pane-‚inimi
454 4394 501 4445 loci
517 4395 544 4446 in
560 4394 599 4446 hir
614 4395 724 4448 omnibus
740 4395 839 4457 fnbulir,
856 4396 942 4462 quibua
958 4397 1079 4448 lenimine
1095 4399 1120 4446 et
1136 4397 1269 4448 rmerundc
1287 4395 1415 4464 repreben-

214 4479 309 4530 datur
324 4479 389 4528 infra
405 4477 548 4544 explunaudi
564 4481 644 4529 urunt

250 4562 279 4629 2)
295 4563 408 4628 Quorum
424 4576 486 4628 quae
500 4560 631 4628 plurim
647 4560 735 4612 babent
751 4562 823 4614 men
838 4577 911 4630 cupra
927 4561 994 4614 trevi
1009 4561 1141 4613 sumum
1157 4561 1257 4614 muer·
1274 4563 1378 4630 expuent
