3422 5362
860 457 925 520 146

293 644 406 709 aetatis
431 643 581 708 vitiorum
609 644 752 706 auctores
774 637 1039 723 perhibebantur,
1065 657 1162 721 quare
1187 635 1303 700 Mliller
1327 634 1485 718 Strubing

293 751 329 813 in
361 749 526 815 notissimo
558 768 615 819 suo
638 768 734 831 opere
756 744 857 810 facete
881 765 934 810 eos
958 746 1122 827 comparat
1144 764 1216 808 cum
1239 742 1309 826 leli,
1335 742 1369 805 in
1390 763 1486 826 quam

294 876 418 940 semper
448 857 541 938 culpa
568 852 706 918 conferri
725 851 826 918 soleat
844 849 1095 935 quotiescunque
1114 869 1221 914 rerum
1241 848 1487 912 domesticarum

295 961 400 1046 aliqua
429 959 566 1044 perierit.
607 959 729 1027 Primus
761 957 876 1039 (trote,
911 957 960 1021 vir
991 955 1147 1040 hnglicus
1171 955 1391 1030 doctissimus,
1417 974 1489 1017 acer

295 1089 404 1132 eorum
433 1066 557 1130 exstitit
583 1067 736 1150 patronus
760 1069 792 1128 et
816 1064 932 1129 vindex
955 1061 1055 1147 (Hist.
1081 1061 1117 1126 of
1139 1061 1287 1143 Graece),
1314 1082 1407 1144 quem
1431 1059 1487 1123 alii

296 1171 355 1235 viri
379 1171 464 1236 docti
482 1171 587 1250 vsecuti
610 1175 686 1236 suut
708 1168 841 1253 (Mdller
864 1168 1037 1252 Strobing,
1061 1167 1186 1248 Leues,
1207 1168 1292 1251 cet),
1312 1167 1487 1250 quitamen

295 1275 370 1360 quia
393 1275 470 1340 mihi
495 1276 637 1340 nondum
661 1275 769 1340 omnia
791 1277 982 1359 argumenta
1004 1273 1039 1340 in
1063 1277 1169 1357 partes
1191 1294 1319 1338 vocasse
1338 1273 1389 1338 rel
1406 1277 1491 1338 recte

295 1382 475 1466 exposuisse
499 1382 664 1458 videntur,
689 1402 755 1445 non
777 1379 893 1444 inutile
915 1380 977 1446 erit
997 1379 1212 1463 sophistarum
1232 1400 1361 1444 causam
1372 1379 1489 1444 iterum

296 1487 479 1571 suscepisse.
589 1563 592 1567 ,

341 1595 510 1679 Sophistae
531 1599 624 1660 erant
642 1599 880 1681 praeceptores,
902 1595 957 1679 qui
969 1595 1174 1680 juventutem
1186 1593 1348 1657 ornabant
1359 1591 1492 1657 scientia

296 1701 445 1767 universa
475 1723 584 1765 earum
615 1723 719 1772 rerum
743 1723 824 1785 qnae
847 1701 883 1766 in
906 1700 1043 1769 comitiis
1067 1703 1099 1764 et
1122 1699 1157 1763 in
1180 1702 1249 1762 tota
1271 1699 1339 1762 vita
1362 1697 1492 1783 publica

217 1822 222 1832 '
296 1809 426 1872 tractari
450 1807 613 1884 solebant,
637 1811 733 1891 atque
757 1828 809 1872 eos
833 1807 990 1871 docebant
1014 1805 1180 1872 scientiam
1201 1804 1290 1868 illam
1309 1825 1405 1887 quam
1418 1824 1493 1888 pos-

296 1918 367 1978 sent
389 1917 504 1979 ornata
527 1918 560 1978 et
582 1914 709 1998 copiosa
732 1914 875 1978 oratione
894 1932 1053 1996 exponere
1068 1914 1102 1988 ¹).

341 2019 475 2084 Mutatis
506 2019 591 2083 enim
623 2018 821 2104 temporibus
844 2039 909 2083 non
934 2018 1071 2102 amplius
1096 2017 1221 2101 generis
1246 2015 1397 2080 nobilitas
1420 2015 1491 2099 ipsa

296 2148 352 2211 per
371 2148 404 2190 se
424 2126 508 2190 cives
529 2127 569 2189 ad
589 2125 817 2210 rempublicam
832 2124 1031 2190 admovebat.
1054 2122 1244 2188 Humillimo
1255 2122 1325 2187 loco
1339 2123 1409 2186 nati
1420 2144 1490 2186 eam

296 2254 457 2317 capessere
482 2236 671 2316 coeperant,
691 2233 799 2316 itaque
821 2230 963 2315 utrisque
984 2229 1084 2294 maior
1108 2229 1199 2313 eopia
1220 2229 1346 2294 dicendi
1370 2231 1491 2303 etam·

296 2338 379 2421 plior
399 2338 556 2402 variarum
577 2359 681 2402 rerum
702 2337 835 2402 scientia
856 2359 935 2420 opus
955 2338 1130 2419 eratquam
1143 2333 1247 2400 adhuc
1259 2333 1493 2418 suppetirerat,

296 2443 503 2529 popularibus
526 2443 602 2527 quia
626 2443 778 2508 carebant
800 2443 964 2526 patribus,
989 2440 1045 2525 qui
1070 2440 1130 2506 sibi
1153 2461 1259 2504 rerum
1286 2461 1377 2505 usum
1401 2461 1494 2524 prae·

297 2550 399 2635 cipere
418 2554 564 2634 possant;
585 2549 793 2634 optimatibus
818 2549 1006 2614 strationis
1030 2547 1126 2611 armis
1151 2547 1284 2630 antiqua
1297 2546 1372 2629 jura
1384 2545 1493 2610 defen·

297 2658 370 2720 dere
392 2659 542 2738 possent,
562 2677 640 2719 neve
653 2655 806 2738 gliscente
819 2654 1011 2719 democratia
1024 2653 1064 2717 ab
1077 2653 1265 2716 adversariis
1277 2652 1494 2716 vincerentur.

341 2761 508 2824 Praeterea
542 2761 578 2824 in
613 2760 803 2834 immensum
838 2763 949 2824 auctae
984 2763 1077 2824 erant
1108 2759 1216 2823 variae
1248 2758 1338 2836 lites,
1369 2761 1402 2823 et
1433 2779 1493 2842 pro

297 2864 435 2928 maximo
457 2862 608 2948 litigandi
629 2865 734 2928 studio
756 2865 972 2949 unusquisqne
991 2865 1135 2948 quotidie
1155 2864 1318 2947 expositus
1339 2869 1408 2928 erat
1428 2863 1495 2930 sive

295 2990 407 3032 causae
430 2969 573 3052 privatae
596 2969 662 3033 sive
683 2969 811 3054 publico
832 2970 967 3038 crimini.
992 2969 1149 3045 Quoniam
1167 2974 1274 3034 autern
1293 2968 1380 3053 leges
1403 2990 1492 3034 reum

293 3074 452 3159 jubebant
472 3075 576 3159 ipsum
596 3098 686 3140 suam
709 3098 835 3141 causam
857 3077 976 3154 dicere,
998 3078 1134 3142 necdum
1158 3081 1299 3141 oratores
1322 3079 1416 3140 erant
1437 3076 1493 3160 qui

297 3183 441 3245 mercede
463 3180 624 3246 orationes
646 3183 707 3246 reis
732 3183 783 3247 vel
802 3183 1041 3248 accusatoribus
1063 3183 1319 3267 suppeditarent,
1345 3182 1495 3247 omnibus

297 3287 418 3351 civibus
450 3291 524 3352 ante
556 3287 664 3352 omnia
691 3287 828 3354 facultas
860 3289 986 3354 dicendi
1018 3293 1051 3352 et
1081 3289 1235 3373 quaedam
1256 3289 1337 3373 juris
1361 3287 1496 3356 scientia

298 3413 377 3476 opus
401 3397 469 3456 erat
482 3391 527 3477 ’);
548 3397 580 3458 et
603 3416 701 3477 quum
724 3393 758 3458 in
783 3393 833 3458 his
856 3395 950 3459 rebus
978 3417 1079 3478 paene
1103 3394 1313 3460 necessarium
1333 3394 1376 3459 sit
1392 3397 1496 3458 certas

299 3499 446 3563 notiones
465 3499 581 3563 habere
604 3501 642 3564 dc
664 3500 806 3584 justitia,
830 3501 965 3578 virtute,
986 3505 1021 3565 ut
1033 3502 1121 3566 brevi
1134 3501 1237 3566 dicam
1251 3500 1495 3566 defundamen·

298 3606 357 3684 tis,
382 3606 496 3690 quibus
521 3606 635 3671 nititur
659 3607 835 3672 communis
859 3607 1024 3672 hominum
1048 3609 1198 3690 societas,
1220 3607 1356 3672 ethicam
1369 3627 1497 3692 quoque

299 3711 382 3776 hanc
408 3711 571 3776 materiem
598 3713 801 3778 inst'tutionc
832 3714 1136 3797 complectebantur.
1163 3712 1210 3778 De
1227 3713 1278 3778 his
1297 3714 1391 3778 rebus
1414 3713 1497 3778 nihil

300 3817 459 3882 docebant
490 3818 577 3901 quod
602 3841 620 3882 a
644 3819 830 3903 vulgaribus
864 3819 1049 3884 notionibus
1074 3818 1267 3885 Graecorum
1291 3819 1495 3902 discreparet.

307 3982 504 3996 ..α-ρ·-

334 4087 360 4151 1)
371 4086 436 4138 Plut.
452 4084 478 4135 in
488 4085 539 4135 vit.
557 4085 745 4136 Themistocle.
762 4087 790 4136 Il
809 4087 919 4136 meminit
936 4086 1076 4146 Phrearrii,
1093 4083 1152 4137 τότε
1171 4081 1268 4148 ῥήτορος
1283 4082 1356 4144 ’όντος
1372 4081 1431 4134 οότο
1448 4087 1499 4132 τῶν

299 4171 409 4229 φυσικόν
436 4163 572 4223 κληθέντων
596 4168 754 4230 φιλοσόφον,
776 4167 846 4217 ἀλλὰ
869 4167 914 4225 την
932 4166 1086 4230 καλουμένην
1109 4167 1212 4230 σοφόιιν,
1230 4163 1306 4217 οὖσαν
1323 4165 1350 4215 a
1367 4163 1500 4222 δεινότητα

299 4248 431 4306 πολιτικὴν
452 4247 495 4305 καὶ
513 4245 657 4309 δραστήριον
676 4245 787 4306 σύνεσιν,
812 4246 969 4312 ἐπιτήδευμα
987 4247 1152 4311 πεποιημένου
1170 4247 1213 4300 nal
1229 4246 1398 4313 διασώζοντος
1415 4246 1499 4309 ὥσπερ

300 4331 392 4392 αἵρεσιν
410 4327 437 4380 ἔκ
455 4327 643 4392 tractassent
663 4331 781 4390 Σόλωνος·
800 4329 1132 4393 Ιίνοόμετόιταότσι
1150 4328 1500 4394 δικιτνικιιῖςμόξανο

298 4429 358 4470 τις
388 4410 546 4475 τέχναις
575 4409 636 4460 ’καὶ
664 4415 948 4477 μεταγαγόντος
979 4412 1046 4462 ἀπὸ
1079 4417 1145 4462 τόν
1172 4411 1331 4478 πράξεων
1356 4409 1418 4467 την
1443 4407 1500 4458 re.

298 4511 403 4564 κησιν
430 4489 490 4542 ἐπὶ
515 4492 600 4552 τοὺς
627 4494 761 4557 λόγους
788 4493 970 4557 σοφισταὶ
997 4491 1346 4558 προσηγορεύθησαν.

332 4578 358 4638 2)
376 4575 412 4625 (li.
430 4576 526 4635 lewes,
552 4575 618 4624 Hiat.
639 4577 666 4624 ol
680 4576 824 4642 philosophy
843 4577 868 4635 1,
885 4593 924 4642 pg.
942 4577 991 4626 114
1008 4593 1042 4642 sq.
