3422 5362
802 459 863 526 197

233 663 291 727 pro
325 640 427 706 amico
451 644 585 706 mortem
609 641 697 707 obire
723 661 789 707 non
812 642 984 720 detrectat,
1009 642 1134 708 Orestes
1153 662 1227 708 vero
1252 662 1318 706 non
1341 641 1419 706 sinit

230 770 322 826 eum,
342 749 453 834 utpote
477 751 584 814 mente
606 750 639 813 et
661 769 792 834 corpore
815 771 948 828 sanum,
971 770 1030 835 pro
1050 772 1101 828 se,
1115 749 1170 834 qui
1183 747 1422 833 utroquelabo-

230 857 332 932 reret,
357 857 493 920 mortem
515 859 682 940 oppetere3
707 877 781 920 narn
804 857 885 940 (605
910 858 1006 942 sqq.):

818 979 861 1042 rot
885 983 942 1042 τῶν
966 976 1067 1059 Φίλων

459 1082 622 1164 αἴσχιστον
645 1079 729 1156 ὅστις
754 1085 949 1162 καταβαλὼν
973 1083 1003 1156 ἐς
1027 1082 1190 1164 ξυμφορὰς

458 1191 551 1262 αὐτὸς
577 1191 740 1258 σέσωσται.
1234 1181 1240 1194 ’
1324 1177 1329 1186 ’

272 1329 353 1396 Onne
389 1329 438 1394 his
469 1329 675 1394 consentiunt
700 1328 806 1393 variae
842 1328 1040 1406 sententiae,
1077 1351 1212 1414 quarum
1249 1327 1421 1393 nonnullas

231 1457 400 1522 apponam.
426 1433 479 1501 Or.
505 1435 570 1500 805
595 1457 659 1519 sq.:
686 1433 839 1499 »Amicus
863 1433 1048 1511 familiaris,
1072 1433 1217 1518 quamvis
1234 1456 1258 1524 ¹a
1277 1434 1372 1498 domo
1392 1437 1425 1497 et

231 1545 327 1628 gente
359 1541 499 1618 alienus,
523 1541 629 1626 potior
651 1542 700 1604 est
722 1561 819 1624 quam
845 1539 933 1605 mille
957 1539 1108 1624 cognati”
1134 1538 1188 1624 (cf.
1219 1539 1304 1603 1055
1329 1540 1423 1624 sqq.).

234 1647 295 1713 ›In
324 1647 418 1713 rebus
445 1647 584 1712 adversis
609 1643 689 1711 nihil
716 1646 839 1711 dulcius
867 1651 915 1710 est
938 1646 1038 1710 amico
1063 1645 1170 1712 fideli”
1193 1644 1427 1730 (Andromach.'

233 1753 318 1832 985,
350 1751 401 1817 Or.
438 1753 519 1832 727,
550 1752 590 1817 fr.
617 1753 680 1818 ino.
714 1753 791 1830 954,
825 1753 932 1830 1064).
970 1750 1114 1834 ›Amici‚
1139 1751 1194 1836 qui
1219 1772 1284 1816 non
1307 1750 1424 1815 auxilio

231 1864 308 1926 sunt
336 1859 520 1924 infortuna
540 1859 689 1944 ancipiti,
712 1879 777 1924 non
795 1859 862 1923 reri
881 1863 959 1923 sunt
975 1859 1069 1923 amici
1087 1862 1141 1923 sed
1162 1879 1279 1923 nomen
1299 1861 1425 1922 tantum

233 1967 355 2032 habent
378 1966 557 2031 amicitiae”
590 1964 659 2052 (Or.
697 1966 783 2044 454).
820 1965 964 2030 »Amicis
995 1965 1076 2030 nihil
1106 1965 1288 2050 proprium,
1318 1965 1427 2029 omnia

233 2073 413 2138 communia
427 2073 468 2157 ¹),
502 2072 598 2136 etiam
635 2093 684 2136 res
718 2071 889 2136 adversae’'
923 2071 1101 2156 (Phoeniss.
1135 2072 1211 2148 243,
1245 2068 1298 2137 Or.
1337 2070 1423 2155 735).

232 2178 307 2264 Ipsa
330 2179 444 2244 verba:
471 2179 555 2242 aeteri
577 2180 640 2256 γὰρ
661 2179 704 2242 τὰ
725 2181 784 2242 τῶν
799 2178 899 2256 φίλων
912 2177 1071 2262 proverbii
1083 2176 1187 2241 locum
1201 2177 1426 2252 obtinuerunt3

233 2308 315 2372 quae
339 2285 383 2352 M.
407 2283 532 2349 Tullius
554 2284 616 2349 hoc
640 2284 735 2349 modo
759 2283 887 2348 uberius
910 2283 1049 2368 explicet
1071 2283 1172 2365 (Lael.
1195 2286 1233 2346 de
1254 2282 1357 2347 Amic.
1373 2283 1426 2359 16,

235 2394 309 2478 60):
341 2396 400 2456 »ut
429 2391 472 2455 sit
501 2391 586 2456 inter
617 2412 670 2456 eos
697 2390 841 2455 omnium
865 2411 970 2454 rerum
994 2389 1199 2454 consiliorum
1221 2387 1426 2453 voluntatum
1490 2395 1492 2399 ’

235 2499 303 2564 sine
326 2497 393 2563 ulla
414 2498 601 2583 exceptione
624 2496 869 2562 communites”.

279 2603 365 2669 Talis
389 2607 495 2668 autem
519 2604 657 2680 amicus,
682 2603 737 2689 qui
760 2605 795 2667 et
816 2623 922 2666 rerum
941 2600 1149 2665 secundarum
1169 2603 1202 2664 et
1221 2601 1424 2664 adversarum

236 2712 320 2775 ultro
340 2711 379 2774 fit
396 2710 573 2795 particeps,
593 2713 642 2774 cst
656 2708 745 2774 velut
755 2709 878 2773 lucrum
890 2708 1087 2792 insperatum
1102 2704 1164 2792 (El.
1180 2705 1245 2770 606
1257 2706 1319 2790 sq.)
1330 2752 1338 2783 ‚
1350 2727 1426 2769 narn

485 2817 571 2894 φίλω
596 2815 659 2892 γάρ
683 2816 757 2878 εἰσιν
781 2814 862 2892 ἀνδρὶ
888 2814 1042 2892 δυστυχεῖ
1065 2835 1162 2886 ‘raam

233 2923 344 3009 (Here.
376 2923 437 2989 fur.
471 2921 556 2999 559,
588 2920 630 2988 of.
664 2920 787 2986 Phoen.
817 2921 913 3005 403),
939 2919 1206 3004 quemadmodum
1226 2914 1358 2981 Ovidius
1381 2915 1428 2979 ait

233 3029 340 3108 (Trist
365 3029 391 3094 1.
417 3030 449 3094 9.
475 3029 527 3113 5):

441 3165 551 3231 Donec
576 3165 651 3230 felix
674 3165 736 3229 eris
756 3163 873 3228 multos
894 3162 1074 3229 numerabis
1095 3161 1231 3239 amicos,

440 3271 596 3356 Tempora
621 3270 648 3335 si
672 3269 791 3334 fuerint
814 3268 943 3347 nubila,
966 3267 1053 3332 solus
1076 3267 1146 3333 eris.

281 3409 369 3476 Haec
404 3410 513 3475 omnia
536 3408 617 3474 nihil
641 3408 795 3472 differunt
818 3429 838 3471 a
859 3406 982 3471 ratione
1004 3427 1067 3490 qua
1090 3404 1245 3482 Romani,
1271 3406 1308 3468 ut
1329 3426 1347 3468 a
1372 3402 1425 3470 ci-

235 3518 357 3584 ceronis
391 3517 473 3581 libro
509 3518 549 3580 de
578 3514 720 3580 amicitia
752 3513 901 3599 cognosci
932 3514 1056 3596 potest,
1083 3532 1146 3595 qua
1169 3530 1229 3573 nos
1253 3509 1425 3574 amicitiam

237 3624 508 3709 contemplamur3
534 3643 636 3706 neque
658 3620 833 3705 quidquam
851 3619 1015 3683 invenitur
1036 3617 1119 3681 unde
1139 3637 1209 3680 cum
1228 3615 1291 3680 fide
1310 3617 1426 3700 conjici

236 3729 336 3816 possit
366 3751 438 3794 eum
471 3731 628 3814 spectasse
661 3727 832 3791 amicitiam
863 3723 989 3810 qualem
1022 3723 1083 3788 sibi
1109 3722 1254 3788 Socrates
1276 3728 1309 3786 et
1331 3722 1425 3786 Plato

235 3839 473 3922 proposuerunt
494 3835 637 3920 qualisve
663 3833 783 3899 Gracco
807 3853 893 3896 more
916 3829 1080 3895 colebatur
1093 3831 1128 3912 2).
1153 3828 1256 3914 Supra
1275 3828 1341 3912 (pg.
1362 3829 1425 3892 168

236 3946 298 4026 sq.)
319 3943 458 4007 vidimus
482 3942 567 4006 locos
583 3943 754 4026 quosdam,
769 3939 824 4023 qui
842 3937 941 4002 rideri
958 3937 1083 4021 possint
1101 3935 1141 4000 ad
1154 3934 1238 3998 hanc
1249 3955 1314 3998 rem
1327 3933 1426 4018 perti-

237 4069 331 4126 nere,
353 4067 483 4133 prorsus
501 4047 641 4112 incertae
662 4067 728 4110 esse
747 4042 1030 4128 interpretationis.
1050 4041 1137 4106 idem
1150 4040 1245 4104 etiam
1258 4040 1426 4105 dicendum

271 4349 298 4410 1)
316 4348 351 4396 (tt.
370 4345 530 4397 Andromach.
549 4345 598 4398 867
617 4359 661 4410 sq..
679 4343 719 4394 nbi
736 4359 764 4392 ea
780 4340 1008 4400 rerbraManelam
1026 4339 1078 4388 riro
1095 4337 1200 4401 abjecto,
1218 4335 1427 4386 democharem

238 4429 454 4480 accommodantur.
1072 4475 1075 4482 ¹

273 4511 300 4576 2)
318 4511 383 4576 Quid
400 4510 464 4576 qnod
481 4509 507 4558 in
525 4509 658 4575 Chrysippo
675 4507 794 4562 dramate,
813 4522 861 4570 quo
878 4502 1064 4572 repraesentavit
1081 4501 1184 4568 primum
1201 4501 1226 4550 in
1244 4499 1429 4550 Gnceiserem·

239 4594 306 4662 plnrn
325 4591 414 4654 ’ἐρυτος
432 4588 561 4648 παιδικοῦ,
577 4605 678 4656 puerum
692 4591 799 4638 anetum
814 4591 911 4655 propter
926 4587 1040 4652 pudorem
1049 4581 1428 4635 mortemsibieonreisoereieeit.
