3422 5362
786 449 859 554 171Ι

219 655 304 698 mum
324 630 491 717 pulchrum
514 631 643 698 uonnmi
662 631 694 698 in
716 654 846 720 corpore
862 631 996 719 pulchro
1016 631 1160 698 babitare
1179 651 1271 716 posse
1283 629 1327 718 ¹);
1346 633 1412 697 tes·

217 738 351 805 timonio
383 740 432 803 est
454 737 624 804 admiratio
646 738 792 825 illorum,
819 741 874 827 qui
897 739 932 804 in
956 739 1086 806 Socrate
1108 743 1141 803 et
1163 758 1313 823 magnam
1337 760 1409 804 cor·

214 845 301 932 poris
331 844 567 910 deformitatem
598 850 766 912 cernerent
788 850 821 912 et
843 869 1000 913 summam
1026 845 1142 912 mentis
1165 845 1407 929 praestantiam.

213 951 289 1040 Ipsa
308 955 425 1016 natura
442 949 611 1038 cultusque
627 953 771 1019 assiduus
790 954 880 1039 genti
900 952 1039 1020 Graecae
1061 972 1126 1016 non
1146 952 1248 1016 solum
1267 956 1406 1016 mentem

214 1079 326 1124 sanam
355 1057 511 1122 tribuerat
540 1057 575 1121 in
599 1079 731 1145 corpore
753 1081 849 1139 sano,
874 1059 1051 1126 sedetiam
1074 1062 1212 1124 mentem
1236 1057 1402 1142 pulchram

215 1165 248 1230 in
274 1185 406 1250 corpore
429 1162 581 1248 pulchr03
608 1186 681 1230 uam
705 1187 777 1232 eum
802 1167 825 1232 ii
847 1165 926 1246 soli,
949 1165 1005 1252 qui
1029 1163 1206 1250 disciplinis
1223 1163 1406 1250 artibusque

215 1269 399 1337 liberalibus
421 1270 611 1348 studebant,
634 1291 748 1358 corpus
772 1272 930 1351 colerent,
953 1270 1106 1358 perfectio
1129 1270 1228 1336 animi
1246 1291 1318 1335 cum
1338 1291 1409 1336 cor·

215 1378 301 1464 poris
323 1377 519 1463 perfectione
542 1378 715 1463 conjuncta
740 1401 807 1444 esse
831 1379 964 1444 solebat.

260 1485 347 1552 Hinc
376 1481 487 1564 rixam
518 1482 670 1561 {idaeam
702 1485 865 1570 despectui
888 1487 998 1562 erant,
1023 1482 1198 1549 obstabant
1218 1483 1303 1548 enim
1327 1504 1407 1569 quo·

215 1591 319 1656 minus
346 1611 457 1656 omnes
483 1593 590 1675 partes
613 1590 713 1655 animi
735 1594 767 1656 et
790 1591 932 1678 corporis
956 1613 1055 1677 aeque
1077 1590 1277 1668 colerentur,
1300 1589 1406 1656 et'rel

213 1697 348 1764 infestae
371 1700 465 1762 erant
487 1696 574 1762 haud
593 1718 664 1762 raro
684 1698 874 1784 perfectioni
892 1698 940 1762 illi
963 1702 1105 1763 staturae
1129 1707 1162 1762 et
1180 1696 1290 1773 faciei,
1310 1718 1406 1783 quam

212 1803 324 1869 Graeci
347 1803 383 1867 in
405 1802 536 1868 homine
558 1802 699 1888 ingenuo
722 1804 943 1888 postulabant,
961 1803 1130 1889 Euripides
1151 1824 1241 1880 rere,
1262 1802 1318 1888 qui
1337 1801 1405 1866 for-

214 1932 284 1976 mae
303 1931 416 1995 parum
437 1909 609 1986 tribueret,
629 1909 689 1975 bec
708 1931 835 1997 quoque
853 1910 889 1976 in
909 1933 942 1977 re
961 1933 1034 1976 cum
1052 1910 1174 1976 civibus
1194 1909 1259 1974 suis
1271 1929 1405 1975 consen·

212 2016 272 2081 tire
292 2037 358 2080 non
377 2017 521 2100 poteret;
542 2016 693 2100 produxit
713 2017 874 2102 operarios
886 2016 1200 2102 illosfrugalissimos
1215 2016 1262 2101 (in
1276 2013 1407 2080 Electra

120 2169 123 2174 -
213 2129 245 2188 et
268 2121 408 2210 Oreste),
435 2144 516 2207 quos
534 2143 591 2187 sua
611 2145 708 2188 manu
728 2123 848 2188 vietum
871 2125 932 2188 sibi
951 2126 1140 2208 quaerentes
1160 2120 1244 2187 solos
1264 2121 1408 2186 omnium

211 2229 378 2296 hominum
402 2230 565 2294 civitatem
584 2251 709 2295 servare
729 2229 811 2294 dixit
828 2229 897 2315 (Or.
919 2231 1015 2314 920);
1037 2233 1070 2294 et
1088 2229 1149 2294 bac
1168 2228 1293 2294 ratione
1313 2227 1407 2294 simul

211 2358 283 2403 cum
297 2335 426 2402 Socrate
439 2336 516 2420 (rid.
530 2336 680 2421 Xenopb.
695 2336 828 2402 Memor.
843 2337 877 2402 ll
889 2359 916 2404 c.
930 2338 964 2423 7)
976 2340 1060 2402 artes
1072 2335 1242 2401 illiberales
1254 2356 1273 2399 a
1285 2334 1402 2399 civium

211 2445 396 2527 contemptu
421 2441 606 2507 vindicavit.
630 2441 718 2526 Ergo
739 2442 799 2506 hae
817 2463 943 2529 quoque
961 2444 995 2507 in
1016 2464 1048 2506 re
1067 2440 1252 2527 aequalibus
1272 2440 1408 2525 praeivit

212 2552 246 2614 et
268 2548 479 2614 recentiorum
504 2549 713 2632 opinionibus
738 2548 821 2613 viam
842 2548 996 2626 munivit;
1019 2549 1244 2632 discedensque
1263 2546 1304 2612 ab
1320 2547 1408 2610 anti·

210 2655 300 2742 quis,
325 2659 360 2718 ut
379 2675 473 2739 saepe
492 2653 545 2732 fit,
566 2654 609 2718 ab
620 2654 720 2719 altera
732 2658 823 2739 parte
835 2655 956 2740 profuit
967 2702 975 2733 ,
988 2655 1029 2719 ab
1041 2653 1142 2718 altera
1154 2651 1268 2719 obluit.
1282 2651 1409 2737 Sprevit

212 2761 244 2825 id
256 2761 361 2845 ipsum
378 2761 463 2846 quod
482 2781 558 2845 pree
578 2760 691 2826 ceteris
710 2759 838 2846 populis
858 2764 892 2827 et
910 2760 1107 2846 temporibus
1127 2761 1160 2825 in
1180 2758 1309 2825 Graecis
1322 2760 1409 2824 anti·

210 2867 281 2951 quis
308 2868 491 2931 laudamus:
516 2867 637 2932 cultum
661 2867 915 2933 consentientem
940 2868 1082 2933 omnium
1109 2867 1225 2932 mentis
1247 2866 1409 2950 corporis-

211 2994 271 3058 que
292 2973 424 3043 virium:
452 2976 487 3037 at
507 2972 635 3038 sustulit
653 2977 739 3059 quod
758 2974 1035 3058 reprehendimus:
1056 2973 1175 3038 laboris
1194 2975 1406 3042 contemtum.

210 3077 249 3144 In
275 3081 495 3162 erexeratis
519 3079 575 3144 illa
597 3079 706 3144 omisit
730 3082 763 3145 rt
788 3079 924 3163 κάλλος,
950 3081 1042 3144 auxit
1064 3079 1099 3146 rt
1124 3079 1252 3158 airaldo.

254 3184 486 3270 Aristophanes
522 3207 649 3270 quoque
686 3186 895 3252 mutationem
928 3186 1107 3271 perspexit,
1141 3185 1407 3270 vehementerque

209 3294 340 3376 questus
370 3295 419 3358 eat
446 3293 649 3376 juventutem
678 3293 739 3358 arti
763 3292 889 3358 dicendi
913 3292 1152 3357 incumbentem
1178 3291 1406 3375 gymnasticen

211 3397 383 3482 negligere.
407 3396 506 3464 Cuius
530 3397 600 3464 vitii
624 3399 752 3484 culpam
775 3398 920 3485 quamvis
943 3417 1010 3463 non
1029 3397 1145 3462 diserte
1163 3396 1198 3460 in
1217 3395 1403 3482 Euripidem

210 3503 371 3582 conferat,
397 3507 506 3568 tamen
531 3507 601 3570 viro
624 3504 664 3570 el.
689 3527 718 3572 v.
743 3504 899 3570 Leenwen
912 3502 939 3590 ³)
963 3505 1118 3570 assentior
1130 3502 1289 3568 rhetorem
1303 3502 1410 3567 sceni-

209 3631 280 3676 cum
304 3609 333 3675 ei
369 3608 481 3695 procul
514 3609 610 3674 dubio
642 3610 845 3676 obversatum
869 3632 945 3676 esse.
971 3608 1118 3675 Comicus
1141 3608 1272 3674 acerbus
1296 3610 1406 3673 autem

209 3717 317 3782 eodem
342 3721 391 3782 est
413 3716 521 3781 animo
542 3737 580 3781 ac
597 3736 709 3782 omnes
731 3716 795 3783 lere
813 3717 966 3803 temporis
985 3716 1047 3781 acti
1066 3715 1256 3780 laudatores.
1283 3713 1407 3800 Magno

209 3823 355 3888 acumine
385 3829 498 3889 notare
528 3823 632 3888 solent
661 3823 739 3908 quid
763 3825 954 3909 procedente
977 3825 1120 3907 tempore
1143 3822 1351 3906 depravatum
1376 3823 1409 3884 et

208 3931 393 4014 corruptum
416 3929 476 4012 sit,
501 3951 582 4015 quae
608 3950 692 3994 nova
712 3930 791 3996 vitia
810 3930 1014 4015 irrepserint,
1036 3949 1134 4014 eaque
1153 3927 1263 3993 omnia
1282 3947 1407 3992 summo

205 4035 277 4120 jure
300 4035 557 4120 reprehendunt;
583 4036 637 4100 sed
657 4037 741 4102 caeci
759 4040 837 4100 sunt
856 4036 897 4101 ad
918 4035 1130 4101 correctiones
1150 4032 1407 4100 emendationes·

209 4161 271 4227 que
295 4141 344 4207 vel
368 4162 452 4206 nova
477 4141 579 4221 bona,
603 4163 685 4228 quae
707 4143 791 4208 idem
815 4143 956 4228 spatium
982 4141 1136 4228 temporis
1159 4139 1277 4206 attulit

244 4345 271 4410 l)
298 4345 352 4394 Vid.
377 4346 421 4396 Tb.
440 4345 539 4410 Επεὶ,
558 4345 711 4396 Griecbircbe
729 4347 986 4412 bitontnrqercbicbte
1006 4349 1018 4398 l
1036 4365 1073 4414 pq.
1095 4349 1124 4398 te
1147 4348 1198 4398 -dia
1215 4348 1346 4401 Subdobeit
1363 4352 1406 4402 der

208 4431 320 4476 aduren
347 4426 510 4492 Erecbeinnag
536 4427 587 4490 golt
611 4427 647 4478 ale
668 4428 707 4478 dia
730 4427 844 4478 rieberrte
866 4429 1009 4493 Birqecbult
1027 4431 1125 4480 iuueren
1143 4431 1286 4490 vaenue?
1302 4449 1341 4498 pp.
1359 4434 1403 4484 282

209 4509 305 4558 ‚iuuere
320 4510 368 4558 uud
383 4513 476 4559 aarum
491 4509 622 4558 Sebinbeit
637 4510 691 4560 sind
708 4511 768 4560 nach
783 4511 826 4560 der
842 4512 997 4578 llorrtellunq
1012 4514 1054 4562 der
1064 4511 1181 4564 Grioeban
1191 4513 1403 4568 nnurtmnnbul'

215 4591 266 4656 ‚tp
287 4589 384 4642 Diruert.
403 4591 439 4642 lit.
459 4607 497 4658 pq.
516 4591 548 4640 oa
567 4595 648 4642 annot.
