3422 5362
844 430 907 496 172

530 678 548 760 ἓ
574 677 603 740 2.
629 676 680 741 Dc
703 678 820 741 divitiis
842 689 871 741 ct
894 677 1053 741 ordiaibaa
1076 676 1222 742 cladibus.

323 857 534 923 Transeamus
565 863 606 924 ad
636 881 686 924 res
716 863 880 936 externas,
912 881 992 943 quae
1022 859 1083 923 etsi
1114 859 1235 942 optimo
1268 859 1401 943 cuique,
1434 863 1472 923 ut

280 961 386 1056 Stoico
418 965 515 1029 verbo
547 971 634 1048 utar,
671 965 828 1047 ἀδιάφορα
857 987 923 1030 esse
955 965 1120 1043 videntur,
1144 968 1253 1029 tamen
1277 987 1333 1048 per
1356 970 1473 1031 cuncta

279 1072 404 1135 saecula
434 1072 570 1136 maxime
601 1073 747 1137 omnium
778 1094 882 1136 rerum
915 1071 1061 1135 homines
1092 1071 1127 1135 in
1158 1072 1319 1136 communi
1354 1073 1486 1137 civium,

280 1177 428 1241 societate
451 1177 657 1262 distinguunt
680 1201 716 1243 ac
740 1181 901 1263 separant.
1390 1262 1393 1268 Ι

325 1280 428 1366 Supra
455 1284 522 1366 jam
549 1284 684 1348 vidimus
708 1285 775 1369 (pg.
803 1285 880 1370 142)
904 1305 1039 1370 magnas
1062 1305 1137 1367 opes
1160 1283 1231 1348 ideo
1255 1283 1295 1347 ab
1319 1282 1471 1368 Euripide

279 1388 472 1472 improbari,
504 1390 589 1474 quod
621 1412 715 1475 saepe
748 1391 897 1474 superbia
920 1391 1036 1455 inflent
1058 1389 1203 1454 homines
1227 1391 1260 1454 et
1281 1391 1317 1454 in
1339 1389 1474 1475 injurias

279 1493 468 1580 proripiant.
492 1495 553 1560 Sed
578 1497 673 1560 etiam
698 1496 776 1560 alias
799 1497 840 1560 ob
864 1517 974 1561 causas
998 1497 1026 1561 ei
1049 1496 1197 1560 videntur
1221 1495 1372 1560 vitandae
1395 1517 1472 1561 csse.

278 1599 463 1684 Aliquando
491 1602 618 1686 quidem
650 1625 703 1667 eas
735 1601 846 1666 laudat
874 1604 991 1687 quippe
1015 1602 1199 1667 utilissimas
1223 1602 1258 1666 in
1282 1603 1392 1667 amicis
1415 1603 1473 1666 ad·
1585 1681 1589 1686 Ι
1642 1657 1646 1664 .

275 1707 425 1791 juvandis
457 1708 547 1771 etin
570 1711 711 1773 curando
735 1730 866 1793 corpore
890 1713 1040 1794 aegroto,
1057 1713 1099 1773 ‘ut
1124 1708 1264 1792 agricola
1288 1708 1323 1772 in
1345 1706 1474 1772 Electra

279 1812 358 1896 (426
389 1815 473 1898 sqq.)
508 1813 651 1898 ingenua
682 1817 819 1879 testatur
849 1815 1011 1879 sententia
1024 1813 1067 1893 ¹),
1095 1815 1214 1878 -sed
1240 1814 1474 1898 multoplures

278 1921 408 1981 exstant
429 1917 490 1982 loci
514 1919 629 2004 quibas
652 1919 890 2004 despiciuntur,
910 1920 1029 2005 quippe
1049 1941 1130 2004 quae
1150 1943 1168 1984 a
1189 1921 1324 2004 pessimo
1345 1941 1472 2005 quoquc

278 2023 424 2106 conquiri
446 2025 570 2107 possint
593 2025 753 2110 (Alcmen.
774 2026 811 2092 fr.
834 2027 896 2103 96,
918 2027 1042 2110 Polyid.
1064 2026 1103 2090 fr.
1123 2026 1220 2110 642),
1236 2028 1393 2110 aptasque
1405 2027 1471 2091 sint

278 2129 318 2192 ad
335 2133 532 2194 enarrandos
552 2131 811 2217 hebetandosque
826 2132 954 2197 civium·
965 2131 1103 2208 animos,
1116 2153 1196 2215 quos
1209 2140 1321 2195 contra
1333 2153 1470 2215 pauper·

278 2240 328 2300 tas
352 2240 383 2300 et
403 2237 570 2320 angustiae
592 2238 727 2302 reddant
747 2241 881 2303 audaces
900 2239 1107 2321 laborumque
1128 2237 1285 2323 patientes
1305 2236 1411 2320 (Alex.
1431 2237 1472 2303 fr.

280 2341 341 2420 55,
371 2342 500 2407 Archel.
525 2343 562 2406 fr.
589 2343 672 2426 237,
697 2343 820 2428 Polyid.
846 2345 884 2409 ir.
912 2345 993 2428 642,
1019 2343 1150 2428 Teleph.
1175 2342 1214 2408 fr.
1241 2344 1331 2428 719).
1360 2342 1474 2426 Itaque

277 2448 467 2532 indignatur
501 2449 627 2513 divitias
663 2471 759 2532 supra
789 2449 852 2514 alia
884 2451 993 2514 omnia
1023 2450 1171 2514 laudibus
1196 2449 1307 2514 extolli
1331 2448 1472 2532 (Danaes

277 2553 317 2618 fr.
344 2556 425 2633 329,
450 2554 526 2622 Eur.
551 2556 588 2619 fr.
616 2556 699 2638 379,
724 2555 856 2640 Thyest.
881 2556 920 2621 fr.
948 2557 1037 2638 399).
1062 2555 1145 2619 Nam

260 2655 264 2664 ’
372 2661 514 2738 κρείσσων
538 2662 569 2724 δὲ
593 2661 684 2736 βαιὸς
708 2659 800 2738 ὄλβος
826 2661 980 2738 ὥβλαὶβης
1005 2663 1125 2740 βροτοῖς

373 2766 495 2843 cidaras
521 2771 644 2844 πλούτῳ
665 2765 819 2843 δυσσεβῶς
842 2767 1019 2845 ὠγκωμένον
1040 2766 1092 2850 (fr.
1118 2767 1182 2830 822
1208 2765 1342 2844 Placen.)
1358 2765 1395 2850 2).

324 2960 455 3028 Generis
479 2962 630 3027 nobilitas
656 2964 685 3027 ei
708 2963 827 3028 divitiis
852 2967 1012 3049 praestare
1036 2965 1171 3030 videtur.
1192 2964 1374 3049 Aliquando
1395 2985 1473 3048 ergo

277 3070 506 3155 (Andromach.
531 3071 617 3134 1279
640 3091 728 3154 sqq.;
752 3071 877 3136 Archel.
903 3071 942 3136 fr.
969 3073 1048 3158 234)
1070 3073 1255 3155 juhetam,
1280 3072 1335 3155 qui
1359 3071 1472 3134 matri-

277 3176 421 3241 monium
453 3177 566 3240 inituri
596 3177 678 3253 sint,
711 3178 816 3261 potius
849 3177 975 3242 futurae
1004 3178 1150 3262 conjugis
1174 3177 1258 3254 γένος
1284 3199 1380 3262 quam
1404 3198 1472 3241 rem

276 3282 463 3346 familiarem
496 3282 669 3366 inquirere,
701 3283 899 3367 irridensque
933 3283 1071 3347 affirmat
1093 3283 1238 3347 homines
1270 3283 1472 3348 nobilitatem

276 3389 403 3475 quidem
425 3389 554 3453 laudare
573 3390 627 3453 sed
648 3410 719 3453 cum
741 3389 900 3474 opulentis
912 3390 1098 3454 affinitatem
1112 3411 1262 3474 quaerere
1274 3389 1417 3474 (Thyest.
1431 3389 1471 3454 fr.

276 3497 364 3582 399).
390 3495 520 3580 Saepius
541 3517 616 3560 vero
637 3495 819 3560 enuntiavit
837 3518 950 3578 parum
972 3496 1089 3562 referre
1109 3517 1172 3580 quo
1193 3495 1263 3560 loco
1284 3497 1354 3580 quis
1375 3497 1471 3560 natus

274 3604 325 3667 sit.
361 3601 411 3666 Ex
435 3602 619 3667 Alexandro
644 3608 786 3686 superest
811 3604 973 3668 canticum
1002 3604 1054 3689 (fr.
1080 3603 1155 3689 53),
1180 3624 1243 3687 quo
1267 3602 1471 3667 nobilitatem

276 3709 401 3794 generis
421 3708 551 3772 laudare
575 3708 795 3789 περισσόμυθον
815 3708 949 3774 dicitur:

503 3815 538 3879 rb
562 3816 625 3894 γὰρ
649 3817 752 3880 πάλαι
778 3814 829 3880 καὶ
855 3816 969 3895 πρῶτον
994 3809 1040 3879 t'r'
1066 3813 1254 3893 ἐγενόμεθα,

504 3922 610 3998 ὁμοίαν
634 3922 715 4004 χθὼν
739 3919 857 3987 ἅπασιν
882 3919 1096 3997 ἕξεπαίδευσεν
1121 3920 1216 4007 ὄψιν(
1235 3928 1256 4000 ).

280 4069 393 4077 —
419 4069 469 4074 ----

310 4157 337 4220 1)
355 4157 508 4222 Impudentea
529 4156 583 4206 auri
600 4156 694 4216 laudes,
718 4172 776 4221 quas
793 4157 818 4206 in
838 4160 918 4206 Danae
935 4157 1022 4222 aliquis
1040 4155 1153 4205 fundebat
1171 4157 1212 4220 (fr.
1232 4156 1309 4219 326),
1325 4171 1374 4204 uon
1391 4171 1475 4206 raram

274 4243 357 4305 poetae
380 4240 522 4289 senteutiam
545 4239 678 4304 exprimere
702 4243 726 4288 ct
751 4255 793 4304 per
817 4256 842 4289 sc
860 4243 926 4306 patet
943 4242 968 4288 et
983 4256 1027 4306 per
1044 4238 1206 4287 narrationem
1224 4240 1325 4287 Senecae
1343 4237 1391 4302 (ep.
1410 4238 1473 4297 1155

275 4321 302 4370 in
324 4319 397 4369 titulo
419 4320 512 4370 fabulae
534 4321 638 4380 erravit,
664 4337 686 4372 v.
710 4320 975 4383 misereremur).
1002 4322 1031 4370 ln
1050 4320 1474 4385 Andromed.fr.148surumper

276 4401 380 4452 ironiam
396 4400 516 4452 laudatur.

311 4485 339 4549 2)
357 4484 393 4534 (tl.
415 4485 445 4534 fr.
468 4485 514 4536 inc.
538 4488 586 4536 884
608 4489 632 4535 ct
656 4487 704 4537 885
729 4487 757 4535 dc
774 4502 855 4536 meuse
872 4487 971 4538 modica.
989 4487 1107 4551 Magnum
1124 4500 1251 4536 numerum
1268 4484 1404 4535 huiusmodi
1421 4501 1474 4535 scn-

275 4568 407 4618 tentiarum
424 4567 489 4617 Stcb.
507 4568 546 4617 tit.
565 4569 596 4618 9³
615 4568 719 4633 collegit.
