3418 5356
806 431 871 497 117

282 611 432 679 Servatur
455 635 472 678 e
496 611 678 700 Melanippo
701 637 719 678 a
743 614 883 681 Lucieno
915 615 1000 699 (Jov.
1033 615 1129 699 Trag.
1154 617 1211 700 41)
1235 617 1332 682 stab
1357 617 1427 684 aliis

240 719 348 785 multis
371 719 449 800 (vid.
474 719 616 785 Dindorf
634 723 675 785 ad
697 721 735 786 tr.
762 723 862 810 483):

350 827 445 904 Ζεὺς,
469 824 581 898 ὅστις
607 827 621 891 t
646 825 765 905 Ζεὺς,
791 831 831 894 οὐ
856 829 933 908 γὰρ
957 825 1047 894 οἶδα
1073 829 1176 904 πλην
1200 828 1317 909 λόγῳ.

284 930 365 996 'Pam
394 931 498 996 audax
529 932 676 1018 impietas
700 955 719 996 a
742 935 860 1018 populo
885 956 951 999 non
974 934 1189 1012 tolerabatur,
1214 957 1233 998 a
1255 956 1318 1020 quo
1342 938 1436 1020 poeta

239 1037 324 1123 apud
343 1037 551 1104 Plutarchum
570 1037 665 1122 (Mor.
686 1061 716 1122 p.
743 1039 808 1104 756
821 1038 860 1125 Ο)
882 1045 1031 1105 narratur
1050 1044 1179 1108 coactus
1191 1040 1288 1107 fuisse
1301 1046 1337 1107 ut
1349 1041 1435 1108 hune

239 1165 365 1208 remum
389 1146 545 1221 mutaret,
570 1144 708 1229 indeque
731 1144 861 1209 fecisse:

468 1251 563 1328 Ζεὺς,
586 1251 624 1321 ὥς
650 1249 798 1314 λέλεκται
822 1260 877 1323 τῆς
903 1251 1048 1325 ἀληθείας
1074 1250 1141 1317 ὕπο.
1169 1290 1208 1300 -

286 1355 404 1422 Verum
439 1357 474 1420 in
509 1357 664 1421 eiusmodi
696 1357 950 1421 dubitationibus
981 1357 1152 1423 subsistere
1187 1379 1253 1423 non
1289 1363 1434 1444 potarat;

238 1463 348 1547 itaque
370 1463 509 1528 tentavit
527 1485 568 1527 an
590 1485 607 1526 e
626 1463 767 1528 naturali
786 1484 868 1547 quae
887 1463 947 1526 sibi
966 1468 1149 1548 suppeteret
1167 1465 1302 1529 scientia
1315 1489 1435 1531 numen

240 1570 404 1635 honestius
426 1570 591 1653 magisque
615 1575 751 1634 naturae
768 1590 949 1654 congruens
969 1575 1076 1654 posset
1094 1570 1224 1654 lingere.
1250 1570 1436 1657 Complures

239 1676 417 1740 sententiae
439 1676 473 1739 in
496 1675 600 1760 capite
624 1678 663 1739 de
682 1674 843 1759 Euripidis
862 1676 1064 1760 philosophia
1083 1677 1224 1740 naturali
1243 1699 1262 1741 a
1282 1700 1331 1742 me
1350 1683 1435 1743 trac-

238 1784 325 1846 tatae
359 1782 426 1866 (pg.
463 1780 611 1866 45-47)
646 1781 774 1846 aethera
809 1781 1015 1846 affirmabant
1048 1804 1206 1846 summum
1241 1803 1306 1848 esse
1341 1783 1436 1848 deum

239 1909 373 1972 eumque
405 1887 518 1952 Jovem
549 1888 650 1972 igitur
679 1889 857 1964 vocabant,
890 1889 980 1952 cuius
1003 1888 1114 1973 placiti
1137 1889 1292 1974 originem
1317 1889 1435 1954 idcirco

238 2013 364 2078 quoque
392 1993 433 2057 ab
463 1993 534 2058 aliis
567 1994 765 2078 philosophia
788 1997 928 2077 repetere
952 2015 1019 2058 non
1044 2016 1175 2059 neeesse
1199 1999 1266 2073 est,
1291 1999 1376 2080 quod
1399 1997 1434 2060 in

238 2101 306 2183 ipsa
331 2099 486 2184 religione
508 2101 627 2164 tradita
651 2100 691 2164 ab
716 2099 946 2184 antiquissimis
965 2100 1164 2183 temporibus
1186 2100 1309 2165 coelum
1329 2101 1435 2166 fuerat

239 2205 330 2272 Jovis
340 2207 514 2290 provincia.
535 2206 653 2270 Verum
667 2207 819 2291 quoniam
832 2205 1000 2289 pleraeque
1012 2204 1139 2270 illarum
1152 2207 1383 2271 sententiarum
1397 2229 1435 2272 ex

240 2313 370 2378 incertis
388 2313 541 2377 dramatis
560 2317 702 2376 servatae
721 2314 816 2388 sunt,
837 2311 877 2375 ad
898 2310 980 2376 hanc
1000 2312 1204 2394 aetatem,in
1217 2332 1280 2395 qua
1292 2316 1434 2377 conmm-

240 2419 359 2504 planda
393 2419 539 2504 occupati
562 2441 688 2495 sumus,
713 2439 771 2501 pro
795 2421 881 2482 certo
904 2418 1044 2483 revocari
1068 2439 1135 2482 non
1158 2420 1303 2503 possunt.
1340 2418 1433 2484 Unus

239 2528 347 2591 tammr
378 2547 415 2590 ex
446 2547 484 2590 ea
514 2528 620 2590 exstat
643 2524 752 2600 locus,
774 2524 829 2608 qui
852 2544 951 2607 quum
975 2527 1087 2608 poetae
1110 2524 1253 2588 animum
1277 2523 1315 2588 de
1340 2524 1435 2588 variis

239 2631 403 2714 principiis
438 2630 636 2696 dubitantem
672 2630 844 2715 exprimat,
880 2633 988 2693 mouet
1020 2651 1059 2694 ne
1090 2630 1125 2694 in
1149 2630 1277 2694 aethere
1300 2633 1430 2694 tandmn

239 2735 467 2820 deprehensum
499 2739 664 2820 putamus,
695 2734 821 2820 qualem
845 2734 907 2798 sibi
930 2755 1089 2799 summum
1115 2739 1208 2800 deum
1233 2734 1431 2819 cogitaverit.

239 2842 277 2906 In
302 2841 478 2907 'l'roadibus
502 2843 597 2927 (884)
620 2841 752 2906 Hecuba
776 2841 825 2904 his
849 2840 952 2905 verbis
975 2841 1088 2907 Jovem
1111 2842 1297 2926 compellat:

420 2947 440 3014 ὦ
465 2957 525 3027 γῆς
550 2947 659 3028 ὄχημα
685 2948 762 3013 aar)
786 2956 846 3024 γῆς
871 2945 952 3026 ἔχων
977 2945 1079 3027 ἕδραν,

420 3050 503 3126 ὄντες
527 3057 594 3119 ποτ’
621 3050 652 3118 sl
672 3054 727 3131 σὺ,
753 3053 965 3124 δυστόπαστος
991 3052 1101 3118 εἰδέναι

420 3160 514 3239 Ζεὺς,
539 3160 596 3224 elr'
620 3159 744 3238 decim
769 3161 883 3240 Φύνεος
908 3156 972 3223 εἴτε
997 3162 1061 3229 νοῦς
1086 3157 1218 3238 βροτῶν,

422 3266 639 3346 προσηυξάμην
664 3289 716 3332 σε·
742 3264 936 3344 πάνταγὰρ
962 3263 1000 3328 δι’
1026 3264 1152 3344 ἀψόφου

423 3374 538 3451 βαίνων
563 3374 703 3439 κελεύθου
728 3372 813 3436 κατὰ
838 3373 922 3446 δίκην
944 3372 987 3434 τὰ
1015 3370 1098 3445 θνήτ’
1123 3367 1223 3447 ἄγεις.

284 3479 371 3555 Quae
400 3480 497 3544 verba
526 3479 553 3544 si
576 3479 747 3563 diligenter
770 3479 927 3562 explicare
954 3477 1086 3542 velimus
1110 3495 1219 3540 vereor
1242 3496 1284 3542 ne
1307 3477 1433 3561 magnis

240 3567 479 3649 naturatibus
496 3581 750 3669 implicemur1);
771 3582 940 3668 cuspides
959 3581 1141 3666 desperanti
1154 3579 1302 3646 naneae
1314 3585 1431 3646 umore

238 3689 380 3773 profecto
415 3691 580 3774 ambiguas
611 3689 682 3753 illas
705 3709 797 3752 voces
821 3688 951 3764 tribuit,
976 3707 1041 3751 non
1067 3690 1103 3752 ut
1127 3687 1167 3752 ab
1192 3687 1299 3772 aliquo
1323 3687 1430 3772 philo·

238 3795 368 3881 sophiae
391 3799 546 3860 sectatore
566 3795 820 3878 ponderarentur
836 3797 869 3858 et
888 3793 1147 3877 explorarentur;
1169 3814 1266 3877 quare
1285 3791 1432 3857 examine

238 3902 343 3986 potius
365 3901 529 3985 abstineo,
550 3909 645 3984 atque
664 3921 777 3964 moneo
797 3904 924 3964 tantum
946 3921 984 3962 ne
1004 3897 1202 3963 Bernhardio
1222 3897 1434 3963 assentiamur

238 4008 388 4071 audacius
411 4007 485 4071 inde
507 4007 662 4091 quaedam
687 4005 900 4070 concludenti.
922 4003 1056 4087 Scripsit
1075 4004 1158 4068 enim
1180 4025 1235 4090 pg.
1249 4005 1315 4069 403
1328 4025 1336 4071 :
1350 4003 1432 4070 »Die

237 4111 359 4178 Stellen
389 4115 443 4178 des
474 4111 622 4176 Dichters
654 4111 755 4175 werin
779 4132 813 4175 er
836 4112 886 4174 die
909 4110 1187 4195 physiologisehen
1215 4109 1307 4176 Sttue
1331 4111 1433 4176 seines

271 4293 429 4303 ..-—--—

270 4397 298 4462 l)
320 4397 385 4462 Quid
409 4398 474 4447 enirn
492 4401 528 4446 eet
545 4396 589 4446 boe
607 4397 653 4447 nisi
670 4397 765 4447 aether:
783 4413 798 4445 ο
816 4401 842 4446 tu
859 4399 900 4462 qul
917 4401 1008 4448 terram
1025 4397 1074 4446 lere
1089 4399 1114 4445 et
1132 4409 1159 4444 ea
1178 4409 1261 4444 rursus
1279 4395 1349 4446 terris
1369 4393 1429 4460 (vid.

237 4493 275 4544 pg.
296 4479 360 4544 4⁶1⁹
381 4479 438 4543 qnid
461 4494 518 4528 uero
540 4477 658 4542 siguificat
681 4480 739 4528 hoe:
763 4479 889 4538 another,
909 4479 1017 4544 quisquis
1034 4494 1071 4536 εν,
1089 4475 1187 4540 cognitu
1205 4475 1320 4536 difficilis,
1339 4475 1431 4542 (siret)

237 4561 296 4610 Zeus
312 4560 361 4610 u'ee
377 4559 503 4610 amita
519 4561 620 4610 naturae
637 4559 686 4608 rive
704 4573 772 4610 mens
789 4559 934 4610 hominum?
