3408 5360
859 455 902 518 24

331 638 383 703 Sic
406 637 515 702 omnia
539 635 693 700 delibavit
716 639 751 699 ut
776 635 814 699 de
837 635 969 699 summis
992 635 1086 699 rebus
1109 634 1198 699 fieret
1222 635 1345 700 certior.
1373 633 1477 698 Num·

285 766 380 834 quam
413 765 487 807 vero
519 741 635 806 certior
666 740 769 805 factus
802 744 867 817 est,
900 741 954 804 sed
985 741 1024 804 de
1054 740 1189 824 singulis
1219 740 1312 804 rebus
1335 740 1478 805 animum

285 871 377 933 saepe
401 847 548 914 mutabat
568 849 665 930 prout
684 846 816 910 diversis
834 846 1032 929 temporibus
1051 846 1112 910 sibi
1133 849 1171 910 de
1187 847 1226 910 iis
1243 846 1419 910 videbatur.
1434 844 1480 909 At

284 958 395 1019 tamen
425 975 505 1038 quae
529 952 591 1016 sibi
612 953 647 1015 in
672 955 812 1016 mentem
835 951 1008 1015 veniebant
1029 952 1179 1016 universa
1203 973 1325 1035 semper
1348 951 1478 1016 conclu-

286 1061 382 1124 debat
412 1059 591 1136 sententia,
625 1058 714 1141 quasi
750 1057 784 1120 in
816 1078 911 1122 omne
942 1060 1068 1140 tempus
1099 1058 1259 1122 stlocum
1283 1061 1369 1142 rata;
1395 1059 1479 1122 unde

284 1166 404 1230 factum
441 1170 489 1231 est
524 1169 561 1229 ut
595 1168 721 1229 tantam
757 1164 986 1229 sententiarum
1017 1164 1264 1249 discrepantiam
1296 1166 1380 1248 apud
1405 1187 1477 1228 cum

285 1272 447 1336 miremur.

328 1376 378 1441 Ea
399 1377 635 1456 inconstantia,
661 1377 740 1440 illud
765 1399 869 1440 rerum
893 1397 1048 1441 novarum
1072 1377 1213 1440 studium
1238 1377 1329 1441 nulla
1347 1399 1382 1440 ro
1402 1398 1478 1441 con·

284 1487 428 1561 tentum,
472 1504 641 1566 rerumque
675 1482 890 1566 praesentium
926 1483 1135 1567 vituperatio,
1171 1483 1206 1546 in
1240 1505 1316 1566 qua
1334 1483 1479 1567 quamvis

285 1588 396 1654 ultima
430 1590 534 1652 aetate
568 1588 662 1672 paulo
693 1587 865 1670 remiserit,
900 1591 1007 1652 tamen
1039 1587 1157 1652 multos
1188 1609 1245 1672 per
1276 1609 1379 1652 annos
1409 1610 1479 1672 per-

284 1693 458 1771 severavit,
487 1694 587 1758 vitam
608 1693 637 1757 ei
657 1694 865 1757 reddiderunt
884 1692 1044 1757 difficilem
1064 1696 1097 1758 et
1116 1715 1230 1776 parum
1247 1695 1381 1771 laetam,
1404 1694 1478 1758 effe-

284 1803 459 1884 ceruntque
490 1803 526 1863 ut
558 1804 639 1864 esset
669 1799 705 1862 in
729 1798 785 1863 illa
807 1799 906 1863 animi
930 1799 1146 1883 aegritudine,
1170 1800 1237 1864 sine
1261 1800 1354 1864 certis
1378 1799 1479 1864 causis

284 1908 447 1990 suscepta,
479 1927 559 1989 quae
583 1906 618 1968 in
638 1905 779 1989 antiquis
802 1905 961 1970 rarissimo
977 1903 1012 1990 ¹),
1035 1906 1070 1969 in
1093 1909 1276 1970 nostrorum
1300 1909 1479 1990 temporum

283 2011 468 2076 bominibus
490 2010 747 2096 frequentissime
771 2012 944 2076 invenitur.

656 2227 674 2310 ᾖ
700 2227 730 2292 2.
755 2225 807 2290 Dc
828 2239 896 2291 arte
920 2227 1104 2314 Euripiden.

329 2393 473 2458 Fuerunt
504 2393 559 2477 qui
589 2393 783 2457 mirarentur
814 2393 864 2457 vel
895 2393 1114 2477 improbarent
1140 2393 1243 2457 virum
1268 2393 1326 2456 tali
1347 2392 1479 2476 ingenio

283 2499 462 2583 praeditum
488 2499 643 2583 tragicam
667 2499 778 2583 po'e'sin
803 2498 863 2562 sibi
887 2499 1053 2562 colendam
1078 2498 1263 2582 sumpsisse,
1287 2498 1404 2582 quippe
1428 2499 1480 2563 cui

283 2626 374 2668 mens
398 2605 451 2688 pia
475 2604 605 2668 deorum
631 2607 663 2668 et
686 2604 869 2686 mythorum
890 2604 1071 2668 veneratrix
1091 2603 1192 2666 multo
1214 2605 1318 2686 aptior
1329 2603 1478 2688 sitquam

176 2723 181 2733 ·
285 2709 421 2794 sceptice
443 2708 674 2793 philosophica.
698 2709 738 2771 In
762 2730 897 2793 quorum
921 2729 1053 2772 numero
1076 2729 1173 2792 quum
1198 2707 1238 2771 Κ.
1264 2707 1301 2772 Ο.
1325 2708 1480 2773 Miillerus

285 2818 317 2880 et
348 2814 566 2879 Bernhardius
579 2814 606 2899 ²)
636 2813 739 2878 obiter
763 2816 890 2878 tantum
915 2836 982 2878 rem
1007 2814 1187 2898 attingant,
1216 2815 1264 2879 vir
1287 2815 1480 2879 clarissimus

285 2985 476 2996 ᾖ...-

283 3083 423 3134 concludere
446 3099 474 3132 ea
495 3083 655 3149 displicuisse,
681 3085 744 3147 quod
768 3083 895 3134 absordum
918 3089 991 3145 esset;
1010 3085 1084 3135 immo
1103 3085 1183 3150 potius
1200 3084 1272 3134 dixit:
1294 3099 1344 3132 une
1361 3084 1392 3133 in
1409 3084 1481 3134 illis
1502 3129 1505 3134 .

283 3165 407 3230 quidem
431 3166 494 3215 acri
501 3166 567 3231 ptis
589 3167 723 3216 remedium
740 3165 846 3216 inveni.'’
870 3168 946 3233 Hipp.
964 3169 1013 3218 952
1030 3185 1080 3233 sqq.
1104 3168 1206 3217 Theseus
1225 3167 1358 3233 Hippolyto
1374 3167 1481 3232 Orphica

283 3248 395 3298 instituta
412 3247 541 3313 exprobrat

584 3329 629 3389 tan
649 3348 688 3379 ννν
707 3330 784 3394 αὔχει
802 3331 845 3380 καῖ
862 3329 1009 3394 δι’ἆψύχον
1027 3335 1101 3394 βορᾶς

585 3418 668 3471 σίτοις
685 3412 816 3471 νοιπῆλεν’,
835 3413 928 3479 Ὀρφέα
945 3416 971 3463 π’
981 3413 1146 3477 ἄνακτ”ίχων

585 3493 712 3559 βάκχευε,
729 3501 830 3545 πολλῶν
847 3496 1005 3559 γραμμάτων
1021 3501 1101 3558 τιμῶν
1118 3499 1238 3555 καπνοὺς,

585 3574 644 3626 ἐπεί
658 3575 888 3641 γ’ὲλήφθνς’ποῦς
906 3577 933 3628 δὲ
950 3577 1080 3637 τοιούτους
1098 3575 1148 3641 ἐγὼ

584 3657 686 3723 φεύγειν
704 3664 821 3723 προφωνῶ
839 3665 916 3709 πᾶσι·
934 3658 1059 3722 θηρεύουσι
1075 3662 1125 3723 γὰρ

584 3744 684 3802 σεμνοῖς
705 3744 831 3805 adparata,
848 3741 947 3805 αἰσχρὰ
962 3739 1144 3804 μηχανώμενον.

317 3825 419 3875 Fabulae
442 3825 519 3873 exitus
542 3825 611 3872 docet
634 3825 796 3890 Orpbioorum
821 3825 988 3874 institutorum
1004 3828 1142 3874 sectatorem
1161 3841 1208 3873 non
1225 3825 1347 3874 simulasse
1364 3825 1481 3877 virtutem

282 3907 321 3954 sed
340 3907 379 3970 pie
397 3906 546 3955 observasse:
562 3905 680 3955 Theseum
699 3905 777 3970 igitur
793 3910 864 3972 poeta
882 3906 987 3956 ostendit
1003 3921 1030 3956 ea
1047 3907 1159 3955 institute
1175 3905 1266 3970 injuria
1281 3908 1397 3957 derisisse.
1424 3911 1480 3960 Non

283 3991 362 4037 tamen
380 3990 498 4037 affirmare
514 3987 591 4037 ausim
605 4004 661 4038 eum
677 3989 754 4053 ipsum
770 3988 798 4037 ab
808 3990 872 4038 omni
882 3992 950 4054 parte
959 3988 1065 4054 Orphica
1075 3989 1190 4054 probasse,
1201 3989 1313 4053 qnoniam
1324 3991 1418 4040 disertis
1427 4009 1481 4041 ver-

282 4068 320 4118 bis
344 4070 406 4133 regia
428 4071 601 4120 accusationem
626 4071 732 4119 refutare
749 4071 837 4120 omisit.
866 4073 957 4120 Verum
974 4071 1054 4120 nullus
1071 4071 1153 4120 dubito
1168 4072 1307 4136 Euripidem
1321 4089 1349 4122 ea
1362 4091 1410 4123 non
1426 4090 1480 4124 cou-

282 4152 409 4201 temnenda
425 4154 466 4201 aed
483 4169 543 4218 quae
561 4153 720 4203 observentur
737 4153 876 4218 dignissima
890 4153 1005 4203 babuisse.
1022 4155 1105 4218 Neque
1119 4171 1174 4204 eum
1188 4155 1283 4220 Cyelop.
1294 4157 1342 4206 646
1350 4161 1480 4207 sectatores

282 4233 360 4283 ridere
384 4235 484 4285 Janslrio
506 4236 547 4301 (de
571 4235 630 4301 phil.
658 4235 715 4286 llur.
739 4237 876 4286 Jabresber.
896 4237 994 4288 Ketbol.
1011 4235 1098 4301 Gymn.
1126 4238 1226 4287 Breslao
1244 4238 1376 4291 lats-st
1393 4257 1433 4305 pg.
1452 4240 1480 4307 7)

281 4331 444 4368 concesseram.

317 4399 342 4459 l)
364 4398 438 4448 Velut
455 4400 481 4448 in
500 4399 627 4450 Hadriano
644 4401 797 4466 imperatore.

316 4479 345 4544 2)
362 4481 405 4544 Pg.
425 4482 487 4531 884:
508 4482 554 4531 ,aa
572 4497 622 4531 var
640 4482 829 4546 cigenthfimlicb
848 4485 895 4533 und
913 4499 959 4534 neu
975 4485 1029 4534 daea
1047 4484 1085 4534 eiu
1103 4485 1198 4534 Denter
1216 4487 1264 4535 ond
1281 4485 1361 4535 Stiliet
1377 4486 1415 4536 die
1431 4488 1481 4536 trs-

283 4561 362 4628 gisebs
379 4563 462 4613 Possis
479 4579 534 4613 aum
552 4565 634 4630 Organ
652 4563 730 4614 rainer
747 4565 869 4616 Beflexion
886 4564 1004 4616 machia.”
