3418 5356
779 444 823 510 69

364 626 484 706 οὐρανὸς
509 626 581 704 ὑπὲρ
606 628 688 702 ἡμᾶς
712 631 820 696 κοινῶς
844 631 956 707 φοιτῶν
980 623 1043 698 ἕδος
1066 625 1217 703 tarutius

361 730 423 797 ra
446 732 477 796 ἒν
499 732 582 814 μέσῳ
605 736 658 797 τοῦ
682 733 804 813 οὐρανοῦ
828 756 863 797 rr
887 732 940 798 καὶ
963 733 1089 814 χθονὸς,

362 835 442 917 χάος
467 839 522 913 μὲν
545 837 734 921 ὀνομάζουσι.

247 942 361 1010 Nauck
390 943 489 1009 habet
517 947 543 1010 οἱ
575 947 633 1020 μὲν
660 944 838 1026 ὀνομάζουσι
863 944 953 1026 χάος.
981 945 1181 1030 Quamquam
1205 945 1391 1031 perdifficile

205 1051 253 1114 est
286 1049 335 1114 his
370 1049 512 1116 versibus
543 1052 715 1136 genuinam
748 1049 911 1117 restituere
942 1053 1132 1136 scripturam
1147 1048 1192 1138 ¹),
1225 1052 1390 1117 verborum

204 1158 313 1222 tamen
344 1178 455 1221 sensus
485 1178 551 1222 non
583 1156 733 1222 obscurus
764 1161 830 1222 est:
859 1157 893 1222 id
924 1161 1010 1244 quod
1041 1157 1083 1223 sit
1105 1158 1191 1223 inter
1214 1158 1336 1224 eoelum
1361 1161 1393 1222 et

205 1265 320 1327 terram
345 1301 386 1313 -
411 1263 476 1328 sire
500 1269 573 1328 aera
600 1301 639 1312 —
664 1264 697 1350 (a
719 1264 922 1349 quibusdam)
947 1265 1054 1330 vocari
1073 1263 1201 1329 ohaos”.
1222 1263 1394 1339 Quaeritur

207 1369 361 1454 aquibus
383 1369 430 1435 ita
452 1372 591 1435 vocetur.

250 1471 400 1541 Scholion
435 1479 594 1560 quoddam
626 1479 665 1540 ad
696 1477 791 1541 chaos
823 1477 907 1563 apud
937 1476 1114 1543 Hesiodum
1136 1476 1172 1540 in
1196 1474 1393 1561 expositione

208 1579 340 1666 originis
369 1581 483 1646 mnndi
510 1582 569 1668 (vs.
603 1582 679 1666 116)
708 1581 823 1648 habet:
857 1583 937 1662 χάος
969 1583 1001 1648 δὲ
1029 1582 1118 1659 λέγει
1148 1582 1198 1646 τὸν
1224 1581 1394 1663 κεχυμένον

206 1689 293 1765 sepa·
317 1687 371 1752 καὶ
396 1691 458 1766 γάρ
482 1689 642 1764 Ζηνόδοτος
665 1684 768 1772 (οὕτω)
791 1690 880 1767 0¹50!-
902 1686 1022 1753 Dubito
1042 1690 1150 1753 tamen
1170 1709 1210 1752 an
1233 1687 1393 1753 Hesiodus

206 1791 265 1858 hae
286 1814 362 1860 voce
384 1795 598 1880 designaverit
621 1799 693 1860 adra
715 1817 777 1881 quo
801 1795 946 1861 vivimus.
972 1791 1158 1879 Subjeotum
1182 1796 1246 1859 est:
1268 1805 1394 1875 Βοκχο-

207 1899 290 1976 saer
319 1900 350 1966 δὲ
373 1901 454 1983 χάος
480 1901 531 1966 τὸν
555 1900 631 1979 diua
655 1902 793 1980 ὠνόμασε
816 1902 916 1979 λέγων
942 1901 1008 1976 περὶ
1034 1906 1088 1966 τοῦ
1114 1903 1225 1994 deret·
1251 1903 1392 1978 νομάτοιο

206 2005 275 2070 aa
298 2006 458 2089 άτρογέοῳ
482 2006 574 2090 χάει,
599 2029 680 2094 quae
700 2008 796 2073 verba
815 2031 834 2072 a
853 2007 992 2093 Bergkio
1012 2007 1097 2072 inter
1115 2006 1229 2092 fragm.
1252 2004 1394 2092 Baeohy·

206 2111 290 2178 lidea
317 2117 444 2198 recepta
474 2117 559 2179 sunt.
583 2113 623 2178 In
646 2114 810 2199 Aristoph.
834 2113 921 2179 Nub.
946 2113 1090 2178 Socrates
1114 2134 1240 2197 quoque
1263 2135 1394 2178 enume-

206 2241 281 2284 rans
310 2240 391 2305 quos
414 2220 483 2305 ipse
505 2223 676 2285 veneratur
699 2220 772 2286 deos
795 2219 874 2284 dicit
896 2219 955 2304 (vs.
981 2220 1080 2304 424):

252 2326 287 2389 rt
303 2326 385 2408 χάος
406 2326 509 2404 τουτὶ,
530 2327 583 2391 καὶ
604 2328 662 2398 τάς
678 2327 813 2408 νεφελάς
825 2373 833 2404 ,
846 2326 900 2390 κο)
913 2326 968 2400 τὴν
980 2331 1146 2404 γλῶττάν,
1160 2323 1230 2404 τρία
1242 2325 1347 2388 τουτί.

207 2429 263 2495 ubi
289 2431 406 2497 sehol.:
430 2432 511 2512 χάος
534 2431 621 2510 λέγει
644 2435 696 2498 τὸν
719 2431 794 2513 άέροο
818 2431 906 2510 παρά
930 2433 964 2496 τὸ
989 2430 1160 2511 κεχύοδοονς
1186 2431 1219 2493 et
1241 2426 1302 2494 Ar.
1330 2430 1392 2494 192

206 2537 422 2616 Pithetaerus‚
446 2537 558 2603 avibus
581 2541 716 2603 suadens
740 2560 780 2603 ne
798 2537 988 2623 permittunt
1007 2536 1149 2601 nidorem
1171 2557 1331 2601 sacrorum
1352 2537 1394 2600 ad

206 2646 282 2710 deos
305 2666 434 2730 surgere
456 2665 513 2729 per
536 2648 647 2723 adra,
671 2645 734 2709 ait:

387 2751 438 2817 διά
461 2758 517 2824 τοῖς
541 2752 658 2824 πόλεως
685 2760 741 2825 τῆς
765 2752 931 2829 άλλοτρὶοος
956 2749 1009 2815 κον)
1036 2754 1089 2816 τοῦ
1112 2748 1240 2830 χάους

387 2859 447 2922 τῶν
469 2858 581 2936 μηρίον
606 2861 660 2933 τὴν
685 2866 790 2923 κνῖσαν
814 2860 846 2923 οὐ
870 2858 1067 2937 διαφρήσετε.

251 2963 401 3048 Suspioor
433 2963 513 3028 illud
543 2964 732 3030 vocabulum
755 2988 775 3028 a
796 2965 897 3048 poetis
927 2963 1035 3048 lyricis
1065 2963 1204 3046 primum
1235 2983 1293 3047 pro
1324 2965 1394 3028 atre

203 3071 392 3154 usurpatum
423 3091 490 3135 esse
513 3073 546 3134 et
568 3071 684 3135 sensim
708 3071 743 3134 in
766 3070 911 3155 linguam
935 3070 1114 3154 irrepsisse,
1137 3069 1184 3132 ita
1208 3075 1244 3133 nt
1267 3067 1393 3134 Aristo-

203 3175 328 3262 phanes
346 3177 414 3241 sine
426 3175 493 3240 ulla
504 3174 713 3262 explicatione
724 3180 868 3261 poneret,
880 3198 978 3261 quum
991 3174 1159 3260 Euripides
1171 3173 1393 3255 οδνομάζοοοι”

203 3283 255 3347 vel
279 3283 375 3347 stiam
398 3281 445 3348 »oi
467 3284 525 3360 μὲν
548 3283 749 3363 ὀνομάζονσο”
772 3283 953 3349 addidisset.

209 3467 391 3478 ——n-

240 3565 268 3630 1)
287 3562 369 3613 Velok.
388 3563 446 3614 lusit
462 3564 512 3630 (pg.
531 3566 588 3631 12)=
740 3563 838 3629 otpoeudc
856 3567 876 3616 θ’
894 3566 960 3630 ἡμᾶς
978 3565 1053 3629 άπερ·

473 3647 515 3697 καὶ
531 3651 579 3711 pt,
596 3650 689 3712 βροτᾶν
706 3650 783 3698 κοινάν
799 3666 830 3699 τι
847 3648 966 3712 δαιμόνων
984 3649 1005 3698 t’
1022 3647 1094 3706 idac·

472 3731 503 3779 rt
520 3729 543 3779 δ’
561 3727 586 3780 ἓν
603 3729 673 3794 μάοςν
689 3735 736 3781 τοῦ
753 3733 780 3780 τ’
798 3730 899 3795 οἶνροινοῦ
917 3749 948 3781 τι
965 3731 1006 3781 οιαὶ
1025 3729 1113 3794 χθονὸς

471 3811 538 3876 χάος
554 3813 600 3875 μὶν
617 3813 790 3879 ὀνομάζουσιν.
