3422 5362
861 451 923 518 140

295 634 473 700 rationibus
507 637 617 720 novis,
661 659 719 702 nec
749 637 851 702 solum
883 658 954 701 cum
985 635 1166 720 purioribus
1190 635 1252 700 sed
1283 635 1380 701 etiam
1413 658 1486 701 cum

293 742 511 810 deterioribus.
545 743 594 807 Ex
625 765 658 808 sc
689 742 882 828 intelligitur
909 764 985 807 sane
1016 765 1054 807 ea
1077 765 1143 807 non
1167 743 1317 808 distincta
1339 748 1486 828 separata

293 870 378 926 csse,
411 852 443 912 et
465 851 637 914 verendum
662 854 710 914 est
734 872 774 914 ne
797 849 942 914 stolidius
966 853 998 913 et
1021 849 1163 933 putidius
1185 848 1351 932 ingenium
1374 848 1486 912 huma·

294 977 373 1019 num
415 955 450 1018 in
487 954 624 1021 frustula
654 957 807 1021 dissecare
838 957 963 1033 videar,
999 993 1039 1004 —
1071 959 1291 1019 verumtamen
1323 955 1486 1039 perspicue

294 1061 457 1146 disputare
480 1084 546 1126 non
576 1084 704 1147 possum
729 1063 791 1128 nisi
813 1063 853 1126 ad
877 1062 962 1127 hanc
980 1061 1187 1147 partitionem
1207 1060 1314 1124 omnia
1334 1060 1487 1146 disposita

294 1189 483 1233 recenseam.
508 1169 569 1234 Sed
593 1170 778 1253 priusquam
802 1173 842 1233 ad
865 1169 923 1233 has
946 1172 1052 1252 partes
1076 1167 1263 1252 singulatim
1283 1167 1486 1251 explicandas

294 1278 455 1338 transeam
485 1297 604 1358 paucae
636 1276 813 1341 sententiae
838 1275 1045 1361 apponendae
1068 1278 1164 1350 suut,
1187 1295 1267 1358 quas
1292 1272 1486 1337 conditionis

293 1379 380 1444 illius
404 1381 569 1465 ancipitis,
595 1403 667 1446 cum
692 1381 863 1467 deperditis
884 1380 1024 1465 antiquis
1044 1379 1223 1444 rationibus
1243 1399 1345 1443 novae
1364 1378 1486 1462 eligen-

294 1487 353 1550 dae
376 1491 499 1563 essent‚
523 1488 712 1552 documenta
734 1509 801 1553 esse
823 1491 911 1573 puto.

293 1629 296 1634 ·
339 1591 379 1655 In
403 1591 555 1677 Eurysth.
579 1593 683 1678 Satyr.
708 1593 835 1658 dicebat
857 1593 971 1677 aliquis
994 1592 1048 1677 (ir.
1074 1593 1165 1671 svb:

498 1701 552 1763 οὐκ
577 1695 631 1764 οἷδ’
654 1695 712 1779 ὅτῳ
731 1702 792 1779 χρὴ
817 1698 917 1763 κανόνι
942 1700 1000 1768 τοὶς
1024 1700 1138 1776 βροτῶν
1164 1697 1269 1776 τύχοις

498 1806 583 1883 ὀρθῶς
608 1806 772 1882 ἄθρήοοντ’
797 1805 906 1870 εἰδέναι
933 1805 967 1869 τὸ
994 1805 1146 1882 δραστέον,

293 1909 408 1993 quibus
440 1912 591 1975 convenit
621 1913 758 1976 secunda
788 1935 861 1996 pars
894 1911 1066 1996 fragmenti
1103 1912 1167 1976 inc.
1192 1911 1278 1987 904,
1303 1909 1359 1972 ubi
1382 1908 1486 1972 hoca

293 2036 416 2079 summo
440 2019 499 2080 deo
523 2017 704 2102 flagitatur:

594 2125 719 2206 πέμψον
741 2126 798 2204 μὲν
821 2124 887 2206 Φῶς
912 2133 1020 2206 pexis
1047 2123 1147 2202 ἐνέρων

591 2241 654 2303 τοῖς
679 2233 875 2309 βουλομένοις
900 2230 1009 2302 ἄθλους
1037 2233 1212 2310 προμαθεῖν,

593 2340 681 2404 τόθεν
707 2338 879 2422 ἔβλαστον,
905 2340 951 2410 τίς
976 2337 1044 2420 pilia
1068 2345 1179 2416 κακῶν,

589 2447 658 2510 τίνοι
686 2447 733 2511 δεῖ
754 2445 901 2525 μοκοὶρων
925 2445 1146 2522 excusandans
1242 2527 1248 2542 ν

590 2554 684 2630 εὑρεῖν
708 2553 833 2635 μόχθων
856 2551 1055 2619 anesseim.

340 2658 432 2722 Tales
460 2679 584 2742 preces,
618 2659 733 2743 quihus
759 2660 904 2724 homines
928 2663 1021 2723 deum
1045 2663 1163 2742 rogant
1186 2661 1223 2722 ut
1245 2659 1306 2753 sibi
1331 2661 1488 2724 monstret

294 2764 451 2843 originem
464 2765 589 2846 generis
601 2765 749 2847 humani,
764 2766 920 2849 originem
933 2765 1026 2842 mali,
1040 2765 1193 2848 optimam
1208 2764 1372 2849 religionis
1384 2765 1486 2842 viam,

294 2870 347 2934 vix
372 2892 390 2932 a
415 2868 536 2935 Graeco
559 2870 649 2934 fonte
672 2893 801 2934 manare
825 2871 990 2954 videntur3
1016 2874 1100 2954 apud
1123 2872 1243 2954 priores
1268 2874 1352 2935 certe
1370 2870 1488 2934 frustra

294 2974 472 3058 quaesieris.
493 2973 562 3040 Nec
577 2976 709 3040 mirum:
723 2980 798 3040 dum
812 2998 915 3040 mores
929 2980 1056 3060 patrum
1070 2976 1152 3039 viam
1166 2977 1353 3040 indicabant
1367 2977 1486 3041 nemini

294 3080 453 3146 dubitatio
481 3103 644 3167 surrepere
667 3087 792 3166 poterat
815 3083 890 3166 quid
915 3081 976 3147 sibi
999 3085 1080 3146 esset
1103 3082 1301 3158 faciendum3
1324 3083 1389 3148 illis
1415 3104 1486 3146 vero

292 3187 525 3252 collabentibus
548 3188 728 3253 huiusmodi
751 3189 951 3273 quaestiones
974 3189 1050 3253 oriri
1074 3191 1257 3273 coeperunt.

339 3294 413 3361 Jam
436 3299 635 3362 transeamus
659 3297 698 3360 ad
722 3297 865 3382 singulas
888 3301 994 3382 partes
1008 3295 1045 3382 1).

317 3511 386 3595 §Z
417 3511 572 3591 Quatenus
591 3512 760 3598 Enn'pides
780 3535 847 3576 eam
864 3512 1058 3598 opinionibus
1077 3512 1254 3597 vulgaribus
1272 3513 1463 3577 consenserit.
1495 3505 1497 3510 ¹

337 3678 378 3742 In
407 3677 511 3743 Partis
534 3679 647 3743 tertiae
678 3678 913 3763 prolegomenis
946 3682 985 3742 de
1015 3700 1120 3743 rerum
1146 3679 1327 3743 divinarum
1352 3679 1484 3744 notione

292 3786 377 3870 apud
399 3783 535 3850 Graecos
555 3785 692 3850 vidimus
703 3807 859 3850 summam
873 3785 1022 3850 virtutem
1035 3784 1073 3849 iis
1085 3785 1184 3850 visam
1198 3807 1264 3850 esse
1276 3785 1486 3868 σωφροσύνην,

303 3936 498 3948 ...ν-...ρ--κ

325 4009 352 4074 1)
378 4007 473 4057 Multae
500 4008 562 4074 apud
585 4009 695 4058 nostrum
717 4008 831 4072 leguntur
854 4007 985 4056 sententias
1008 4007 1157 4056 acutissimae
1179 4006 1356 4056 citatissimae
1373 4007 1401 4055 de
1418 4005 1487 4056 rebus

291 4089 443 4155 moribusque
469 4090 593 4147 humanis,
617 4105 675 4154 quas
700 4094 780 4139 tamen
802 4090 934 4156 praeterire
955 4090 1015 4138 mihi
1037 4089 1117 4155 potius
1141 4090 1217 4138 visum
1239 4092 1286 4148 est,
1310 4105 1384 4154 quum
1403 4088 1432 4138 ad
1450 4103 1487 4137 ra·

290 4172 381 4220 bouem
405 4175 494 4220 certem
521 4172 626 4220 revocari
644 4187 691 4220 nou
710 4172 801 4236 possint
819 4170 993 4221 observationes
1010 4176 1145 4236 separatas,
1163 4171 1244 4236 quales
1258 4170 1286 4220 ab
1302 4171 1408 4221 omnium
1423 4173 1488 4221 aeta-

291 4257 343 4304 tum
366 4253 502 4302 homiuibus
519 4252 639 4318 sagacibus
656 4254 768 4303 eduntur.
787 4255 872 4304 Velut:
892 4254 987 4320 superbi
1005 4253 1103 4303 moleste
1120 4255 1201 4303 lerunt
1218 4253 1346 4303 humilium
1363 4255 1489 4303 hominum

291 4336 410 4386 crationes
437 4337 550 4386 rectiores
577 4337 747 4402 (Andromach.
775 4338 849 4399 189);
878 4337 966 4387 nimiae
989 4337 1070 4386 laudes
1092 4336 1215 4386 fastidium
1237 4337 1335 4402 pariunt
1352 4336 1486 4399 (Heracliti.

287 4418 359 4479 202)·‚
381 4418 486 4468 infelices
509 4417 655 4468 felicioribus
680 4419 766 4467 infensi
789 4423 845 4468 snut
869 4420 936 4484 (lph.
963 4419 991 4470 Τ.
1009 4420 1086 4483 353);
1110 4419 1270 4484 uuusquisque
1288 4419 1400 4485 sibiipsa
1416 4419 1488 4470 caris·

286 4500 416 4566 simuslast
440 4501 515 4562 (Med.
541 4503 596 4565 86);
617 4500 725 4550 homiues
748 4497 831 4551 amicis
858 4500 991 4551 recentibus
1016 4501 1096 4566 potius
1113 4517 1197 4567 parere
1218 4502 1298 4551 solent
1314 4496 1385 4566 uuam
1403 4501 1487 4567 quibus

288 4583 329 4631 diu
347 4582 383 4631 usi
402 4571 458 4630 sunl
476 4583 647 4645 (Andromach.
667 4583 735 4643 876).
