3422 5362
853 446 915 510 138

286 628 460 714 excogitari
482 631 590 714 potest
611 627 722 712 religio
746 627 888 692 acerbior
910 630 942 691 et
965 626 1088 691 tristior
1110 647 1207 712 quam
1230 625 1385 692 Herodoti
1403 627 1476 712 opi·

287 735 400 799 niones
429 737 469 799 de
496 737 626 798 deorum
650 733 772 798 invidia
794 744 827 798 et
848 733 1055 809 crudelitate,
1079 733 1134 816 qui
1157 732 1310 798 scelerum
1333 755 1352 797 a
1378 733 1479 798 maio·

286 841 375 905 ribus
399 841 639 906 commissorum
661 861 781 925 poenas
804 861 824 903 a
846 839 981 924 postoris
998 844 1140 923 repetere
1158 838 1300 915 soleant,
1321 842 1354 904 et
1370 844 1480 905 tamen

285 947 468 1012 universum
500 947 566 1010 eius
589 967 670 1030 opus
693 947 920 1011 documentum
944 967 1011 1010 esse
1034 945 1161 1010 ridetur
1184 944 1285 1009 animi
1307 945 1479 1030 simplicis,

286 1052 421 1138 placidi,
446 1053 606 1130 benevoli,
630 1053 715 1118 laeti.
740 1051 915 1136 Opiniones
938 1051 1012 1116 illae
1036 1051 1075 1116 ad
1100 1055 1241 1116 mentem
1265 1051 1477 1116 strationem

286 1159 390 1242 magis
412 1159 618 1244 pertinebant
640 1181 736 1243 quam
760 1163 801 1222 ad
825 1159 957 1224 animos.

332 1264 438 1330 Etiam
474 1262 612 1350 populud
646 1265 757 1350 procul
789 1265 885 1329 dubio
917 1267 1107 1348 procedente
1137 1269 1282 1350 tempore
1312 1264 1395 1329 mala
1417 1287 1478 1350 pu·

288 1371 371 1438 blica
400 1376 549 1457 expertus
580 1374 613 1436 et
635 1395 655 1435 a
674 1371 776 1455 poetis
803 1371 933 1436 edoctus
963 1369 1121 1436 intellexit
1149 1370 1247 1434 vitam
1269 1391 1335 1434 non
1356 1392 1480 1456 semper

288 1501 355 1544 esse
389 1479 531 1556 felicem,
566 1481 622 1543 sed
656 1478 750 1542 rebus
772 1477 967 1562 quotidianis
990 1483 1164 1562 occupatus
1187 1476 1310 1542 facilius
1334 1476 1477 1543 oblivisci

287 1585 385 1669 solet,
405 1585 451 1650 ita
471 1587 507 1649 ut
524 1583 597 1649 illae
614 1585 761 1650 notiones
772 1585 808 1649 in
818 1585 884 1648 eius
897 1586 1004 1648 mente
1016 1604 1190 1666 numquam
1202 1583 1324 1648 radices
1336 1588 1478 1668 agerent.

287 1691 444 1756 Existimo
474 1710 550 1773 ergo
582 1699 615 1755 et
645 1691 800 1776 populum
831 1693 864 1755 et
885 1693 1015 1775 poetas,
1039 1711 1233 1774 quamquam
1257 1689 1291 1753 hi
1315 1711 1380 1754 non
1406 1711 1478 1755 raro

287 1798 373 1862 vitae
399 1798 557 1862 miseriam
580 1797 800 1878 illustrarunt,
825 1797 1059 1862 eonsentientes
1081 1795 1147 1860 fere
1171 1797 1270 1862 ritem
1292 1797 1474 1862 universam

283 1903 548 1990 jucundissimam
572 1903 708 1970 duxisse.

332 2009 393 2076 Sed
425 2011 471 2074 ab·
491 2010 541 2076 his
575 2010 736 2075 diversum
771 2010 866 2076 fuisse
899 2013 1046 2076 nostrum
1080 2011 1232 2093 vidimus,
1272 2032 1330 2075 nec
1367 2011 1478 2076 dubito

285 2119 423 2182 statuere
454 2138 524 2181 eum
557 2117 659 2201 magis
682 2139 775 2181 suum
797 2118 940 2182 animum
964 2117 1170 2202 expressisse,
1194 2117 1249 2181 ubi
1272 2117 1416 2202 querelas
1439 2119 1479 2181 de

287 2224 380 2288 rebus
403 2223 551 2288 humanis
570 2224 712 2308 personis
732 2224 865 2289 scenicis
885 2224 1113 2309 suppeditaret.
1134 2223 1214 2288 Erat
1233 2223 1319 2287 enim
1340 2222 1482 2288 moribus

286 2331 433 2396 tristibus
457 2333 490 2395 et
509 2331 661 2407 morosis,
680 2331 869 2416 vivebatque
888 2335 1029 2395 remotus
1041 2331 1207 2414 astrepitu
1227 2329 1357 2406 forensi,
1379 2351 1481 2420 neque

287 2438 453 2503 fruebatur
471 2437 653 2502 multifariis
673 2438 902 2522 voluptatibus,
921 2460 1000 2522 quas
1014 2437 1135 2501 ferebat
1146 2437 1274 2522 publica
1288 2437 1481 2502 Graecorum

287 2545 364 2609 vita.
399 2545 481 2609 Tum
513 2545 579 2609 eius
610 2545 767 2630 scepticae
799 2545 838 2608 de
869 2546 963 2610 rebus
995 2545 1111 2609 divinis
1144 2544 1374 2628 cogitationes,
1399 2566 1482 2629 quae

287 2651 405 2735 partim
425 2651 560 2716 fortasse
579 2651 734 2735 originem
757 2652 914 2715 duxerant
926 2673 945 2714 a
956 2669 1081 2715 moroso
1099 2651 1137 2715 de
1152 2651 1216 2714 vita
1225 2650 1356 2734 judicio,
1369 2654 1482 2735 procul

288 2758 384 2823 dubio
414 2758 502 2842 ipsae
533 2761 644 2821 mutuo
675 2757 737 2821 hoc
763 2757 919 2840 judicium
951 2757 1196 2823 confirmabant.
1222 2756 1265 2821 Iis
1289 2758 1344 2841 qui
1368 2757 1406 2820 de
1430 2757 1481 2822 bis

286 2864 382 2927 rebus
409 2866 564 2947 perpetuo
595 2862 809 2938 meditantur,
841 2863 903 2926 nisi
933 2866 1052 2927 certam
1084 2862 1284 2948 disciplinam
1309 2863 1370 2927 sibi
1394 2884 1480 2928 asse-

287 2971 445 3054 quantur,
465 2967 532 3033 rite
552 2989 676 3052 semper
696 2967 882 3033 difficillima
900 2967 981 3033 solet
1000 2969 1111 3035 videri.
1133 2969 1299 3034 Praeterea
1310 2973 1481 3055 postquam

288 3074 457 3159 Euripides
488 3077 529 3138 ad
559 3075 785 3159 provectiorem
816 3075 906 3139 venit
928 3080 1083 3152 aetatem,
1106 3079 1251 3160 tempora
1273 3097 1383 3140 revera
1406 3097 1481 3161 gra-

287 3182 392 3258 viora,
425 3181 492 3245 vita
521 3181 644 3246 tristior
667 3180 752 3245 tacta
776 3183 861 3257 erat,
885 3203 984 3265 quum
1010 3181 1093 3246 bello
1119 3181 1273 3245 diuturno
1297 3181 1480 3247 discordiis·

287 3311 349 3373 que
373 3287 536 3371 civilibus,
560 3291 629 3352 tum
652 3286 853 3354 labefactatis
876 3289 1018 3373 antiquis
1038 3287 1189 3354 moribus.
1214 3287 1320 3352 Etiam
1334 3287 1481 3354 Socrates

288 3399 321 3458 et
352 3393 504 3458 Socratici
536 3394 576 3457 ad
598 3393 732 3458 rationis
756 3414 885 3458 normas
908 3397 941 3459 et
963 3394 1049 3478 leges
1072 3394 1181 3458 omnia
1204 3395 1368 3478 exigentes
1391 3415 1481 3459 seve-

287 3501 433 3586 rioraque
464 3504 594 3565 edentes
624 3507 793 3584 praecepta
823 3500 956 3564 moralia
987 3500 1137 3584 antiquae
1168 3499 1291 3564 levitati
1318 3499 1482 3585 animique

288 3605 515 3693 tranquillitati
539 3606 706 3671 nocebant.
732 3605 880 3670 Exeunte
904 3607 1028 3670 saeculo
1048 3607 1163 3690 quinto
1184 3606 1317 3670 omnino
1334 3607 1480 3672 invalue-

287 3715 365 3778 runt
395 3713 561 3797 opiniones
592 3733 693 3776 novae
723 3715 762 3777 de
786 3711 853 3776 rita
876 3711 1037 3788 bumana,
1061 3733 1196 3796 quarum
1220 3710 1388 3796 Euripides
1412 3734 1480 3780 non

286 3820 389 3884 solum
413 3819 571 3904 particeps
595 3821 650 3882 sed
673 3822 784 3884 auctor
805 3839 932 3903 quoque
956 3838 994 3881 ac
1015 3816 1123 3883 fautor
1145 3817 1243 3882 lutrae
1266 3818 1402 3882 ridetur.
