3418 5356
778 441 837 506 111

212 617 338 684 videtur
349 639 369 682 a
380 619 542 686 communi
561 620 736 687 multorum
755 621 921 688 hominum
934 621 1034 688 animi
1045 623 1211 688 allectione
1222 623 1404 708 repetenda.

216 723 359 791 Vidimus
381 725 416 790 in
435 726 532 806 Ione,
553 726 682 806 Oreste,
701 727 773 813 Iph.
795 727 889 793 'l'aur.
913 728 1056 812 Apollini
1075 729 1186 794 acerbe
1205 727 1301 812 objici
1319 727 1405 813 quod
1533 722 1539 736 '

213 829 359 896 homines
381 831 539 917 deceperit
557 837 591 897 et
609 834 791 899 destituerit
809 835 877 920 (pg.
902 835 964 899 106
977 835 1056 919 sq.)‚
1070 838 1211 900 ettamen
1223 855 1259 899 ea
1270 833 1406 899 crimina

213 935 294 1003 falsa
317 960 385 1004 esse
408 961 560 1024 apparere
582 941 687 1018 exitu,
709 963 808 1026 quum
827 940 998 1025 diligenter
1013 941 1120 1006 omnia
1132 939 1406 1025 pmcurataresti·
1501 991 1504 998 .

123 1105 127 1112 .
212 1046 283 1108 tuat
305 1045 349 1128 (v.
374 1065 427 1130 pg.
456 1046 519 1112 108
543 1048 614 1131 ιφ).
639 1045 727 1121 Quae
751 1069 849 1132 quum
869 1047 972 1132 primo
992 1046 1130 1131 legerem
1154 1047 1295 1131 cogitare
1317 1044 1406 1130 coepi

211 1152 337 1234 poetam
370 1149 491 1216 imitari
522 1150 660 1217 voluisse
683 1151 883 1236 impietatem
908 1152 1083 1217 multorum
1106 1152 1274 1218 hominum
1298 1151 1406 1216 divino

211 1255 343 1320 numine
363 1255 593 1336 diffidentium,
613 1257 717 1342 ipsum
739 1279 814 1323 vero
833 1259 918 1323 inter
939 1279 1058 1343 paucos
1078 1258 1131 1342 pia
1144 1257 1320 1323 reverentie
1332 1256 1407 1321 deos

210 1361 321 1427 colere.
344 1361 423 1426 Mox
441 1384 516 1428 vero
535 1385 673 1429 errorem
693 1365 829 1450 agnovi,
850 1386 926 1429 nam
946 1385 987 1430 ex
1007 1363 1154 1429 Herculis
1173 1363 1234 1428 fur.
1256 1363 1343 1429 exitu
1355 1363 1406 1447 ip-

213 1489 282 1532 sum
302 1468 525 1554 gravissimum
546 1473 675 1536 deorum
691 1471 938 1556 vituperatorem
952 1492 1018 1536 esse
1030 1473 1173 1556 apparet.
1199 1469 1260 1536 Sed
1272 1469 1408 1555 quidita

213 1573 347 1638 crimina
378 1572 516 1640 humana
543 1576 578 1641 in
603 1576 768 1642 nonnullis
792 1578 943 1642 dramatis
965 1577 1033 1662 ipse
1058 1576 1222 1642 convincit
1243 1576 1408 1661 perspicue

214 1683 393 1744 monstrata
417 1683 546 1746 deorum
571 1683 765 1748 sanctitate?

259 1783 355 1851 Multi
386 1785 441 1871 qni
471 1786 664 1872 cogitatione
692 1793 724 1854 et
745 1788 870 1854 ratione
894 1811 913 1852 a
936 1788 1062 1872 vulgari
1087 1787 1242 1872 religione
1265 1787 1409 1852 recedere

215 1894 390 1976 coeperunt
426 1893 498 1957 imis
528 1895 665 1978 pectoris
696 1895 913 1979 penetralibus
941 1897 1050 1958 tamen
1083 1893 1265 1978 percipiunt
1299 1912 1409 1958 vocem

219 1997 436 2076 monitrioem,
471 1998 561 2084 quasi
596 2000 724 2086 aliquod
759 2001 912 2078 δαιμόνιον
943 1999 1113 2064 obscurum
1143 2021 1162 2063 a
1192 1998 1287 2063 rebus
1318 1997 1410 2062 novis

215 2107 427 2172 revocantem.
456 2101 532 2168 Non
564 2105 657 2170 facile
687 2105 874 2170 discindunt
905 2126 999 2176 omne
1029 2105 1192 2169 vinculum
1218 2125 1410 2188 omnemque

215 2210 400 2275 societatem
441 2232 515 2275 cum
557 2211 596 2275 iis
638 2211 732 2277 rebus
774 2233 853 2296 quas
896 2213 1003 2295 patres
1044 2210 1257 2274 laudaverunt
1297 2209 1411 2293 pieque

217 2320 446 2382 conservarunt
476 2323 509 2380 et
539 2317 614 2381 tuiti
644 2321 735 2401 sunt3
767 2339 872 2402 neque
896 2317 1053 2381 rationem
1077 2316 1316 2399 praevolantem
1340 2316 1410 2378 toto

217 2421 325 2486 animo
349 2421 495 2506 protinus
514 2423 603 2507 sequi
626 2424 754 2489 audent.
776 2421 928 2498 Quamvis
939 2420 1121 2505 frequentia
1132 2420 1283 2485 facientes
1293 2419 1411 2484 itinera

218 2527 251 2590 in
281 2527 444 2612 regionem
477 2549 595 2594 novam
627 2533 661 2593 et
688 2528 943 2614 perplacentem‚
968 2525 1164 2591 domicilium
1187 2529 1294 2590 tamen
1319 2548 1411 2591 suum

219 2633 250 2696 in
283 2632 389 2717 patria
419 2636 568 2718 despecta
599 2639 745 2712 servant,
774 2655 877 2719 neque
900 2654 971 2698 cum
995 2635 1066 2697 tota
1089 2631 1211 2696 familia
1234 2633 1269 2697 in
1293 2636 1410 2697 terram

220 2740 361 2804 nondum
397 2740 473 2804 satis
508 2741 706 2826 exploratam
743 2742 882 2826 migrare
913 2742 1050 2816 audent,
1082 2739 1176 2804 veriti
1207 2761 1266 2816 ne,
1290 2739 1318 2803 si
1340 2759 1412 2823 spes

220 2843 382 2928 fefellerit,
406 2848 527 2912 reditus
550 2848 586 2912 in
609 2847 746 2931 patriam
770 2847 931 2932 praecisus
955 2847 1007 2912 sit.
1041 2845 1081 2910 In
1107 2843 1262 2930 Euripide
1284 2865 1409 2930 quoque

221 2951 345 3017 animus
375 2953 543 3038 pugnabat
575 2975 647 3018 cum
669 2955 811 3031 ratione;
836 2954 945 3038 itaque
969 2975 1041 3017 eum
1066 2952 1158 3016 credo
1183 2951 1320 3016 libenter
1343 2972 1413 3016 eam

221 3056 383 3123 materiem
413 3059 601 3144 arripuisse,
635 3081 717 3144 quae
743 3060 868 3144 copiam
891 3060 982 3124 daret
1003 3078 1070 3122 non
1095 3057 1163 3122 sine
1185 3056 1413 3140 probabilitate

221 3165 294 3228 deos
313 3165 506 3229 criminandi
521 3165 563 3244 ¹),
583 3167 726 3231 attamen
745 3165 780 3230 in
800 3165 863 3230 fine
887 3187 940 3230 eos
956 3165 1060 3248 justos
1078 3185 1144 3228 esse
1156 3162 1362 3227 declarandi?
1374 3160 1412 3247 ¹).

223 3267 317 3334 Dicas
346 3291 419 3336 eum
451 3270 512 3336 hoc
543 3272 638 3336 modo
667 3271 884 3336 dubitationes
907 3292 980 3335 suas
1003 3268 1203 3355 proposuisse
1227 3267 1317 3352 quasi
1341 3271 1412 3333 ten-

223 3378 363 3440 taturum
394 3377 511 3441 civium
544 3377 668 3442 animos
699 3381 965 3462 experturumque
994 3398 1037 3440 an
1069 3378 1238 3440 sectatores
1265 3374 1414 3440 insuam

223 3480 362 3546 traheret
392 3487 534 3567 partem,
568 3505 639 3548 cum
670 3485 813 3549 nondum
837 3505 932 3549 omne
954 3485 1079 3568 spretae
1101 3480 1267 3564 religionis
1288 3481 1414 3564 pericu·

223 3585 288 3652 lum
311 3589 347 3652 in
370 3611 403 3654 se
426 3589 530 3654 solum
554 3592 693 3676 recipere
716 3590 855 3656 auderet.

228 3775 417 3793 -ᾕι--α

258 3919 286 3984 l)
309 3921 338 3970 ln
361 3921 420 3970 lone
443 3919 547 3986 Apollo,
571 3919 680 3986 quamvis
701 3919 801 3972 alterius
823 3919 918 3988 culpae,
936 3919 1035 3970 infantis
1051 3919 1175 3979 destituti,
1193 3917 1286 3978 iucem,
1304 3921 1416 3984 stuprum

226 4005 305 4051 tamen
326 4002 467 4063 admiserat3
491 4018 567 4068 aeque
590 4003 614 4053 id
638 4004 820 4070 reprehensione
837 4019 917 4052 cerere
934 4003 984 4069 ipse
1001 4003 1136 4068 intelligere
1152 4001 1259 4058 videtur,
1277 4015 1352 4065 quum
1368 4016 1417 4050 nou

227 4084 275 4150 ipse
291 4085 317 4134 iu
334 4085 459 4136 hominum
476 4087 628 4152 conspectum
645 4086 741 4152 prodire
758 4101 828 4136 ausus
843 4085 980 4136 Minervam
993 4085 1108 4136 vimrim
1123 4085 1204 4134 mittat
1218 4081 1279 4148 (vid.
1293 4097 1315 4132 v.
1330 4080 1417 4140 lest).

257 4168 285 4230 2)
303 4167 341 4221 Cf·
359 4167 446 4218 Trotd.
463 4168 524 4218 46⁹2

456 4244 474 4298 ὅ
492 4249 552 4300 decl·
570 4251 661 4309 κακοὺς
678 4250 724 4312 μὶν
741 4249 858 4300 drasam
876 4249 936 4308 τοῦς
953 4247 1119 4316 ξυμμάχους,

459 4329 543 4394 ὅμως
561 4329 584 4380 δ’
600 4331 675 4396 'izei
699 4350 731 4381 τι
755 4333 870 4395 σχῆμα
886 4329 1078 4388 κικλήσκειν
1096 4329 1198 4386 dende,

459 4411 520 4464 ὅταν
536 4431 577 4472 τις
594 4411 662 4476 ἡμᾶν
680 4411 798 4477 δυστυχῆ
817 4411 885 4476 λάβῃ
901 4411 992 4476 τύχην.

261 4497 333 4548 Haud
358 4495 428 4548 dubie
446 4497 484 4548 hie
501 4496 580 4548 verbis
596 4497 683 4548 similis
698 4496 811 4560 cogitatio
828 4495 921 4554 cubem,
939 4511 1011 4560 quam
1028 4511 1076 4545 uon
1092 4493 1177 4545 melius
1194 4493 1348 4560 interpretari
1365 4507 1419 4559 pov-

227 4595 280 4630 eum
297 4595 368 4644 quam
386 4579 424 4628 bis
441 4578 536 4630 vecibus
555 4579 670 4644 Belgicise
691 4593 761 4630 ‚men
777 4578 825 4628 lan
842 4579 909 4628 uooit
925 4575 1018 4628 ποιῆθ’
1033 4580 1078 4628 eat.
