3418 5356
847 412 890 477 84

323 596 407 663 Sunt
430 601 536 662 tamen
550 595 645 661 etiam
658 595 738 661 aliae
749 618 798 660 res
811 617 891 681 quae
902 594 1157 680 procurationem
1169 592 1367 670 desiderant,
1380 590 1469 656 velut

275 703 353 769 vitia
370 703 522 769 humana.
546 702 674 767 Monuit
694 701 862 768 hominum
883 701 974 768 notio
993 701 1075 787 justi
1094 699 1241 782 stracti,
1262 721 1358 784 quam
1370 719 1468 782 supra

274 810 463 887 memoravi,
485 810 614 873 deorum
633 831 700 875 esse
720 809 827 875 ulcisci
845 813 999 894 quaedam
1009 812 1155 893 peccata,
1167 828 1302 891 quorum
1311 805 1468 890 judicium

275 937 341 981 non
365 937 463 1001 penes
486 915 630 980 homines
650 937 716 982 esse
736 917 905 982 videretur.
930 914 1034 992 Quare
1052 913 1194 998 Jupiter,
1216 912 1271 997 qui
1290 911 1376 976 solus
1396 931 1466 975 om-

275 1021 363 1086 nium
385 1009 527 1086 ¹deorum
557 1020 664 1108 vulgo·
684 1022 734 1087 his
757 1023 901 1107 fungitur
924 1021 1051 1099 officiis,
1075 1020 1219 1105 perjuros
1242 1009 1412 1084 destituere
1435 1021 1468 1084 ct

276 1128 371 1194 exitio
393 1128 516 1192 tradere
540 1128 678 1193 creditur
703 1128 753 1215 (Il.
777 1128 832 1196 IV.
856 1129 951 1216 235),
972 1127 1156 1213 praesertim
1177 1148 1274 1211 quum
1290 1125 1465 1210 perjurium

277 1236 320 1300 sit
348 1234 506 1318 quaedam
538 1234 657 1319 injuria
687 1235 764 1319 ipsis
795 1237 854 1300 diis
884 1235 993 1313 illata;
1018 1237 1072 1300 scd
1094 1237 1126 1298 et
1149 1233 1300 1318 superbos
1319 1232 1466 1297 inexora-

277 1340 418 1425 bilesque
440 1341 546 1424 perdit
566 1344 683 1426 rogatu
707 1341 850 1406 luiturum
874 1342 1021 1418 dearum3
1045 1339 1193 1425 superbia
1216 1339 1302 1404 enim
1321 1337 1466 1403 homiues

277 1467 478 1532 nequaquam
489 1448 588 1524 decet,
601 1470 676 1513 nam
688 1450 830 1528 στρεπτοὶ
844 1448 875 1513 δὲ
887 1473 923 1513 τε
936 1446 987 1512 καὶ
1002 1446 1057 1512 trel
1072 1446 1161 1512 arisel
1173 1443 1245 1531 (IX.
1255 1445 1321 1512 496
1330 1444 1412 1530 sqq.)
1424 1442 1466 1527 ι);

277 1555 344 1618 tum
374 1574 493 1637 poenas
525 1553 624 1618 sumit
655 1557 694 1620 de
724 1554 764 1620 iis
790 1554 846 1640 qui
868 1553 1010 1638 hospites
1033 1551 1252 1637 supplicesque
1273 1548 1467 1615 contumelia

275 1657 432 1736 afficiunt,
469 1659 587 1744 quippe
619 1661 675 1747 qui
705 1682 815 1727 omues
838 1683 857 1726 a
880 1660 960 1742 Jove
995 1659 1081 1726 mitti
1111 1661 1283 1724 credantur
1308 1656 1379 1745 (Od.
1405 1655 1465 1724 IX.

277 1766 342 1832 269
366 1759 455 1851 sqq„
478 1765 565 1831 XIV.
591 1768 656 1834 283
681 1789 739 1852 sq.,
764 1768 831 1834 404
855 1768 949 1854 sqq).

320 1873 392 1940 Hae
418 1873 487 1942 ,fere
511 1878 587 1939 sunt
609 1895 675 1954 res,
700 1874 874 1960 inquibus
897 1873 941 1939 dii
966 1872 1128 1939 Homerici
1152 1871 1294 1936 moribus
1318 1873 1464 1955 prosunt.

276 1978 469 2064 Ceteroquin
495 1979 646 2045 virtutem
669 2003 782 2066 parum
807 1983 921 2046 curant
943 2002 1046 2066 neque
1067 1980 1123 2059 iis,
1150 1979 1322 2044 dummodo
1345 1997 1466 2042 morem

275 2086 337 2151 sibi
365 2106 474 2171 gerere
497 2087 637 2170 possint,
662 2109 813 2172 umquam
836 2087 948 2173 religio
971 2091 1021 2152 est
1043 2086 1189 2152 homiues
1210 2086 1251 2150 ad
1274 2084 1391 2150 scelera
1413 2083 1465 2148 in-

276 2191 391 2268 citare3
415 2191 450 2257 bi
473 2195 580 2257 autem
603 2192 731 2277 culpam
752 2194 787 2258 in
811 2215 864 2258 eos
885 2193 1027 2259 conferre
1051 2196 1084 2258 et
1103 2192 1154 2258 vel
1173 2194 1353 2276 praesentes
1372 2210 1466 2255 accu-

276 2317 361 2376 sare,
388 2300 498 2382 utpote
522 2298 721 2364 familiariter
743 2322 814 2365 oum
838 2300 877 2365 iis
901 2301 1061 2378 viventes,
1085 2321 1151 2365 non
1174 2298 1333 2364 dubitant.

321 2402 432 2469 Dolosi
455 2408 488 2469 et
511 2404 639 2470 fallaces
661 2405 844 2492 frequenter
867 2409 1023 2472 vocantur
1035 2403 1058 2486 ²)
1083 2407 1135 2491 (Il.
1161 2405 1222 2472 III.
1247 2404 1327 2481 365,
1354 2403 1466 2471 XXII.

278 2509 329 2576 15.
356 2509 414 2574 Od.
439 2509 511 2578 XX.
537 2512 634 2597 201);
659 2511 885 2596 Agamemnon
907 2513 941 2577 in
962 2512 1156 2598 Argivorum
1175 2511 1328 2577 concione
1347 2533 1381 2576 se
1399 2511 1467 2596 ipse

274 2618 478 2683 innocentem
511 2640 576 2683 esse
607 2621 760 2684 testatur:
793 2619 906 2686 Jovem
938 2619 1024 2684 enim
1055 2624 1088 2684 et
1119 2620 1252 2684 Parcam
1282 2620 1316 2683 et
1337 2616 1466 2683 Furiam

275 2721 352 2798 ἄτην
376 2723 437 2788 sibi
458 2724 625 2788 immisisse
647 2747 745 2810 quum
768 2724 925 2790 Achillem
950 2725 1091 2810 praemio
1115 2724 1275 2809 spoliaret.
1306 2724 1359 2803 (Il.
1376 2722 1466 2789 XIX.

276 2831 318 2900 86
350 2829 446 2915 sqq).
479 2828 597 2894 Nullus
629 2832 707 2894 deus
735 2834 843 2896 tamen
866 2831 992 2896 Venere
1016 2832 1149 2917 nequior
1172 2834 1230 2897 est.
1265 2829 1340 2897 Non
1364 2830 1467 2895 solum

274 2935 431 3002 Helenam
467 2937 508 2999 ad
542 2935 733 3002 adulterium
767 2937 911 3023 impulit,
945 2939 1029 3024 quod
1062 2959 1171 3002 omnes
1188 2939 1315 3007 notum
1346 2936 1468 3002 habent

273 3042 443 3129 palamque
466 3041 496 3106 ei
519 3041 675 3127 objiciunt
697 3043 748 3129 (Il.
772 3043 813 3107 V.
840 3045 903 3109 349
928 3066 1008 3130 sqq.,
1033 3043 1091 3110 od.
1116 3043 1176 3109 IV.
1202 3045 1264 3109 261
1284 3065 1342 3128 sq.,
1364 3042 1466 3108 cfsIl.

274 3148 337 3214 ΙΙΙ.
370 3148 435 3213 164
465 3150 564 3234 sqq),
599 3149 654 3213 sed
685 3150 780 3215 etiam
805 3173 903 3236 quum
927 3150 1052 3216 Helena
1071 3151 1260 3236 jamdudum
1285 3149 1466 3214 Menelaum

275 3254 455 3322 desiderans
477 3255 598 3320 acerbis
622 3256 725 3321 verbis
748 3279 780 3321 se
805 3278 874 3322 eam
893 3257 929 3321 in
945 3257 1067 3322 Paridis
1088 3255 1267 3322 cubiculum
1289 3260 1466 3321 secuturam

275 3362 389 3462 negat,
412 3360 605 3438 dirismiuis
626 3359 684 3425 dea
704 3344 856 3426 feminam
869 3363 903 3428 in
916 3361 1117 3447 impudicitia
1128 3382 1327 3446 perseverare
1339 3361 1427 3447 cogit
1439 3361 1466 3449 ⁸)

308 3648 336 3714 1)
352 3649 440 3699 Tamen
454 3647 625 3698 observandum
633 3647 1211 3713 estcmnempoenamdirinamindncrsspeciem
1227 3647 1376 3706 ultionis;
1393 3646 1467 3697 etism

274 3730 317 3781 bac
333 3731 359 3781 iu
376 3745 402 3780 re
419 3730 481 3780 fictis
497 3730 605 3780 Litarum
622 3731 741 3796 personis,
758 3731 801 3795 qui
814 3729 950 3795 superbiam
962 3730 1030 3795 quasi
1045 3730 1160 3795 injuriam
1174 3731 1221 3781 sibi
1234 3730 1328 3781 illatam
1343 3729 1465 3797 punirent.

307 3813 335 3877 Β)
356 3813 473 3879 Quamvis
494 3812 594 3862 fortasse
613 3813 665 3878 jam
687 3813 776 3864 nimius
802 3813 828 3863 iu
855 3813 893 3862 bis
909 3813 1040 3862 tractandis
1058 3829 1107 3864 csse
1124 3813 1219 3875 videar,
1237 3829 1275 3863 me
1292 3829 1340 3863 ncn
1356 3813 1466 3864 contineo

273 3894 332 3960 quin
348 3894 488 3945 admoneam
504 3895 661 3955 contusionis,
679 3912 739 3960 quae
756 3895 862 3946 nascitur
881 3894 921 3945 ubi
938 3895 972 3944 dii
990 3895 1094 3945 ciusdem
1111 3895 1202 3961 peccati
1216 3898 1324 3945 auctores
1338 3900 1362 3945 et
1377 3895 1467 3945 ultores

273 3993 322 4027 esse
340 3977 460 4027 dicuntur.
477 3977 517 4026 Sic
534 3980 694 4042 Agamemnon
713 3978 758 4027 sibi
772 3993 911 4044 persuasum
925 3976 996 4026 babet
1010 3978 1096 4027 Jovem
1110 3977 1219 4027 Troianis
1234 3976 1337 4043 perjuris
1349 3976 1466 4028 auxilium

273 4076 321 4110 non
346 4059 455 4110 laturum
478 4060 518 4109 scd
539 4075 579 4109 eos
604 4060 704 4125 pessime
727 4060 878 4125 perditurum
900 4075 961 4120 esse,
984 4076 1128 4125 quamquam
1151 4060 1248 4126 Jupiter
1270 4059 1319 4125 ipsa
1342 4060 1467 4110 Minervae

273 4142 414 4210 permiserat
431 4147 458 4193 nt
477 4143 614 4192 Pandarum
631 4142 744 4192 incitaret
761 4143 791 4192 ad
807 4146 903 4208 pactum
920 4158 974 4193 cnm
991 4143 1086 4193 Graecis
1104 4143 1241 4192 violandum
1250 4142 1293 4208 (Il.
1304 4142 1344 4192 III
1354 4143 1386 4192 64
1395 4143 1467 4209 sqq).

298 4228 335 4292 B)
353 4226 482 4291 Plerosque
500 4228 580 4276 autem
599 4226 676 4286 locos,
695 4226 734 4276 ubi
753 4226 901 4276 immortales
918 4226 1032 4277 levissimi
1048 4225 1207 4291 mortalesque
1224 4226 1249 4275 in
1265 4241 1304 4276 cos
1317 4225 1467 4276 audacissimi

273 4309 437 4366 inducuntur,
459 4308 506 4358 viri
529 4308 592 4358 docti
615 4324 701 4372 magna
717 4307 885 4371 probabilitate
902 4325 950 4360 non
967 4307 1063 4374 abipso
1081 4307 1165 4357 Iliadis
1181 4311 1251 4373 poeta
1267 4306 1409 4373 compositos
1426 4308 1467 4357 aad

275 4408 289 4441 s
306 4390 478 4458 posterioribus
501 4391 603 4440 insertos
627 4406 675 4440 esse
693 4391 839 4440 contendunt
856 4391 915 4453 (rid.
934 4390 1029 4454 Bergk,
1047 4390 1131 4439 Gssch.
1149 4390 1172 4439 d.
1191 4389 1285 4439 Griech.
1302 4389 1426 4438 Iiterstur
1443 4389 1465 4439 1.

274 4490 312 4540 pg.
327 4474 401 4538 dtl);
417 4473 498 4538 itaque
517 4490 544 4524 eu
559 4490 620 4538 quae
633 4473 765 4540 plurimum
779 4473 901 4523 offendunt
914 4474 1014 4522 tortasse
1028 4488 1075 4524 nou
1090 4477 1225 4538 temporum
1241 4472 1340 4522 illorum
1355 4469 1466 4534 religioni

274 4555 408 4607 sscribanda
424 4559 487 4606 sunt.
512 4557 575 4607 Nam
593 4557 669 4606 malus
686 4559 756 4622 poeta
772 4571 819 4605 nou
834 4555 970 4620 aequalium
985 4554 1124 4620 opinionum
1138 4548 1266 4620 imaginem
1280 4570 1361 4604 veram
1375 4554 1465 4605 relcrre
