3422 5362
850 469 913 533 176

287 653 436 736 Legimus
467 651 585 715 malurn
618 671 684 714 esse
715 670 878 714 servorum
906 670 1024 734 genus,
1049 650 1152 713 ventri
1176 651 1236 713 soli
1260 651 1402 714 deditum
1427 649 1480 732 (fr.

289 759 365 845 50);
394 757 475 822 nibil
499 778 565 822 esse
590 748 752 820 molestius
778 777 873 840 quam
902 776 1008 820 servos
1032 755 1257 839 magnanimos
1280 755 1481 839 dominisque

287 864 436 930 fortiores
456 862 508 948 (fr.
530 862 591 937 49,
615 861 689 947 52);
712 863 766 926 sed
787 862 883 926 etiam
903 861 1021 945 legitur
1039 861 1199 925 sententia
1219 861 1276 925 illa
1295 882 1389 945 quam
1410 862 1481 925 lau·

287 971 361 1036 dari
395 991 494 1054 quum
526 969 564 1032 de
595 988 748 1052 generum
779 967 961 1032 discrimine
994 987 1119 1051 agerem
1152 968 1218 1050 (pg.
1252 968 1347 1051 173):
1369 988 1481 1032 omnes

288 1076 434 1140 homines
465 1073 589 1157 origine
614 1093 748 1158 aequos,
775 1077 885 1157 postea
909 1073 1042 1137 libidine
1067 1073 1219 1137 discretos
1242 1095 1309 1137 esse
1333 1073 1385 1158 (fr.
1412 1073 1479 1159 53).

288 1182 410 1266 Magna
433 1184 540 1245 autem
565 1184 612 1243 est
635 1179 777 1263 quaestio
803 1202 880 1243 num
897 1178 974 1243 haec
993 1179 1089 1243 verba
1107 1179 1202 1243 etiem
1224 1183 1263 1243 ed
1283 1201 1388 1244 servos
1408 1201 1480 1262 per·

288 1288 432 1369 tineent3
458 1287 633 1349 esttamen
655 1285 860 1362 verisimile,
882 1285 1033 1369 quonism
1054 1285 1089 1348 in
1110 1284 1218 1348 fabula
1237 1284 1426 1368 legebantur
1444 1285 1479 1348 in

289 1415 371 1477 qua,
403 1396 440 1456 ut
469 1391 624 1466 vidimus,
657 1394 696 1454 de
723 1391 820 1456 servis
844 1391 1117 1482 saepissimeueret
1140 1412 1252 1456 sermo.
1289 1389 1481 1475 Congruunt

290 1498 384 1564 etiam
409 1497 503 1583 pauci
525 1495 580 1560 alii
603 1496 673 1560 loci.
700 1495 737 1560 ln
757 1496 835 1561 Ione
857 1497 936 1582 (854
956 1498 1040 1581 sqq.)
1060 1497 1261 1580 paedagogus
1274 1497 1352 1561 dicit
1364 1518 1480 1561 nomen

289 1606 391 1669 solum
423 1603 521 1667 servis
551 1601 664 1686 pudori
694 1623 779 1686 esse3
808 1602 893 1686 quod
917 1605 957 1666 sd
981 1601 1044 1665 alia
1066 1601 1174 1666 omnia
1197 1603 1332 1680 attinet,
1355 1624 1480 1667 servum

291 1710 375 1794 frugi
407 1707 555 1792 ingenuis
586 1727 653 1771 non
683 1707 865 1772 inferiorem
897 1727 980 1784 esse;
1013 1707 1053 1772 fr.
1082 1707 1281 1792 Melanippes
1307 1708 1403 1791 (515,
1429 1731 1480 1792 ap.

276 1798 381 1882 'stou
406 1816 459 1891 62,
486 1815 555 1892 38):
580 1814 697 1898 probos
720 1836 826 1878 servos
851 1813 979 1878 nomine
1002 1834 1059 1878 suo
1079 1834 1144 1877 non
1166 1815 1342 1899 corrumpi,
1365 1813 1482 1878 multos

291 1922 377 1987 enim
394 1920 537 1984 meliores
557 1941 736 2002 essequam
759 1920 916 2003 ingenuos
936 1919 1033 2003 (idem
1045 1919 1155 1984 Phrix.
1168 1919 1312 2005 fr..828).
1337 1917 1480 1985 Nuntius

290 2029 326 2091 in
356 2025 481 2090 Helena
512 2025 591 2109 (728
621 2027 703 2110 sqq.)
736 2028 888 2108 optatut
907 2026 941 2089 in
966 2026 1136 2110 proborum
1162 2047 1323 2090 servorum
1348 2045 1481 2090 numero

290 2133 358 2218 ipse
381 2131 554 2207 habeatur,
578 2133 611 2194 et
635 2131 763 2194 nomine
785 2117 926 2215 ingenuo
951 2153 1061 2195 carens
1084 2135 1222 2196 mentem
1246 2134 1355 2196 tamen
1378 2135 1483 2197 servet

291 2240 466 2324 ingenuam
480 2236 516 2316 1).

336 2344 418 2410 Ecce
449 2346 488 2407 de
520 2343 667 2407 universo
698 2363 858 2408 servorum
884 2365 1000 2429 genere
1023 2344 1130 2408 variae
1153 2345 1329 2409 sententiae
1352 2365 1424 2410 cmn
1446 2345 1481 2410 in

291 2451 408 2516 malem
438 2455 507 2513 tum
530 2448 563 2513 in
589 2448 707 2512 bonam
731 2453 865 2531 partem.
901 2447 1067 2524 Quomodo
1091 2449 1169 2514 haec
1192 2451 1404 2534 discrepantia
1426 2472 1480 2514 ex·

291 2556 440 2642 plicanda
464 2556 536 2619 est?

338 2662 508 2728 Servorum
528 2660 772 2725 Atheniensium
794 2661 937 2746 plerique
956 2662 1025 2726 sine
1043 2662 1140 2726 dubio
1160 2662 1377 2748 impudentes,
1393 2661 1481 2727 iura-

293 2792 360 2846 ces,
393 2768 559 2832 mendaces
591 2770 699 2848 erant3
730 2766 915 2830 testimonio
938 2771 1014 2832 sunt
1034 2767 1258 2852 Aristophanis
1281 2770 1480 2845 comoediae,

292 2897 388 2961 quas,
421 2871 565 2957 quamvis
590 2870 691 2935 multa
714 2876 855 2955 augeant
878 2876 911 2936 et
934 2879 1147 2958 exaggerent,
1171 2877 1279 2940 tamen
1303 2896 1370 2939 non
1394 2875 1483 2939 omni

293 2983 426 3048 veritate
455 2999 561 3043 carere
590 2981 678 3060 puto.
716 2975 805 3042 Servi
828 2979 960 3043 omnino
984 2980 1069 3063 apud
1093 2981 1243 3065 antiquos
1268 2982 1350 3045 male
1374 2980 1482 3044 audie·

292 3088 390 3163 bant,
415 3106 473 3150 nec
497 3075 656 3148 Homerus
679 3084 798 3148 frustra
821 3084 936 3148 dixisse
960 3085 1085 3150 videtur
1108 3085 1178 3164 (Οὰ.
1200 3086 1295 3150 XVII
1317 3087 1382 3151 322
1403 3086 1484 3171 sq.):

429 3191 546 3268 »ἥμισυ
570 3190 632 3270 γάρ
656 3188 687 3255 τ’
712 3191 822 3270 ἀρετῆς
847 3192 1034 3256 ἀποαίνυται
1057 3191 1190 3271 εὐρύοπα
1215 3192 1291 3264 Ζεὺς

431 3297 542 3383 ἀνέρος,
568 3291 631 3361 εὖτ’
657 3294 694 3360 ἄν
717 3320 770 3371 μιν
795 3297 880 3362 κατὰ
904 3297 1018 3361 δούλιον
1043 3291 1126 3378 ἦμαρ
1151 3295 1286 3378 ἕλῃσιν.”

339 3403 442 3481 Quare
472 3426 538 3469 non
569 3403 749 3484 mirandum
781 3407 829 3467 est
862 3406 1006 3468 nostrum
1034 3425 1160 3488 quoque
1183 3404 1355 3490 aliquando
1379 3409 1484 3470 totum

294 3534 396 3598 genus
427 3512 615 3595 increpasse.
651 3509 754 3574 Probe
785 3513 893 3574 temen
924 3510 1044 3574 sciebat
1074 3509 1192 3575 multos
1223 3531 1331 3575 eorum
1363 3513 1486 3596 optima

292 3619 400 3683 indolo
432 3617 593 3702 praeditos
624 3637 707 3701 esse;
733 3615 840 3699 itaque
864 3637 961 3699 quum
986 3616 1083 3680 talem
1108 3617 1266 3681 describat
1289 3639 1355 3681 non
1378 3621 1486 3701 potest

294 3726 373 3810 quin
397 3724 542 3788 observet
564 3743 617 3786 eos
640 3722 771 3786 nonnisi
795 3722 924 3785 nominc
944 3722 1094 3806 ingenuis
1114 3722 1279 3788 inferiores
1300 3745 1376 3788 esse.
1397 3723 1485 3790 Nus·

294 3853 391 3915 quem
403 3833 511 3894 tamen
524 3831 608 3912 apud
619 3850 691 3893 eum
703 3829 868 3913 perspicue
879 3828 1015 3912 legimus
1028 3829 1211 3893 servitutem
1226 3832 1359 3894 naturae
1367 3852 1486 3915 repug-

295 3958 391 4010 nsre3
412 3934 475 3999 nisi
492 3935 525 3998 id
537 3933 576 3998 fr.
590 3934 633 3998 53
646 3934 723 4016 (vid.
737 3955 791 4019 pg.
811 3935 1196 4018 172)indicurev01uerit.
1210 3934 1357 4000 Fortasse
1369 3938 1401 4000 in
1416 3959 1484 4001 eam

295 4041 490 4105 sententiam
511 4039 583 4103 ideo
602 4061 669 4103 non
690 4039 804 4104 incidit
823 4040 908 4124 quod
929 4040 1071 4125 plerique
1085 4041 1276 4106 Graecorum
1289 4042 1370 4105 servi
1383 4047 1488 4106 essent

294 4281 406 4331 educatus
423 4285 483 4332 erat.
501 4281 614 4344 Ignotum
630 4280 718 4329 fratres
735 4283 833 4340 vexant,
852 4296 912 4345 quos
930 4296 1010 4332 ornnes
1028 4281 1159 4331 certamine
1173 4281 1255 4334 vincit.
1271 4283 1332 4332 Dein
1346 4283 1400 4332 dolo
1415 4282 1444 4333 ab
1458 4284 1489 4334 iis

294 4380 369 4431 paene
390 4364 531 4414 interfectus
553 4363 613 4420 init,
631 4361 677 4411 nisi
694 4363 826 4411 Cassandra
841 4379 897 4412 eum
914 4364 1054 4427 agnovisset.
1081 4365 1190 4414 Haecin
1208 4366 1338 4414 certamine
1356 4366 1432 4426 servi,
1446 4367 1489 4430 qui

295 4445 448 4505 credebatur,
471 4445 572 4495 victorin
588 4444 760 4494 sententiarum
777 4443 993 4495 diversissimarum
1011 4447 1138 4495 materiem
1154 4447 1271 4512 praebuit.

328 4530 356 4594 l)
372 4528 447 4578 Bonis
468 4528 543 4579 servis
562 4527 714 4578 dominorum
734 4526 797 4576 mala
811 4528 876 4576 cordi
890 4534 947 4577 sunt
961 4529 1039 4589 (Med.
1056 4532 1087 4579 54
1101 4530 1157 4594 sq.).
1174 4529 1224 4594 Ipsi
1241 4533 1361 4579 testantur
1377 4531 1490 4582 decorum

297 4627 346 4664 esse
364 4611 439 4662 serris
456 4627 501 4676 pro
517 4611 620 4660 dominis
637 4609 699 4659 mori
716 4609 782 4671 (Hel.
803 4611 868 4658 1640
885 4625 920 4673 sq.
940 4610 994 4676 Ipb.
1011 4611 1067 4660 Aul.
1085 4611 1155 4678 312).
