3408 5360
799 430 840 493 41

226 611 387 675 universos
410 610 564 674 naturalis
587 608 805 694 philosophiae
829 609 1006 690 studiosos,
1033 608 1087 692 qui
1112 607 1220 672 omnia
1242 605 1349 690 potius
1372 605 1412 668 ad

226 716 312 801 leges
340 716 487 801 physioas
518 719 704 780 revocarent
727 737 821 799 quam
846 715 987 780 divinum
1013 735 1129 778 numen
1154 716 1363 798 agnoscerent
1377 711 1411 795 ¹).

225 822 335 886 Talem
355 821 546 888 sententiam
566 844 585 885 a
605 825 712 886 ments
732 820 912 906 Euripidis,
931 821 986 906 qui
1004 843 1117 906 parum
1137 819 1197 884 sihi
1217 817 1411 893 constiterit,

225 950 291 993 non
322 929 455 994 alienam
488 950 554 992 esse
583 931 719 994 testatur
752 930 855 992 toturn
884 927 1082 993 Baccharum
1107 929 1234 1001 drama3
1256 923 1413 1009 imprimis

226 1033 261 1098 hi
287 1056 408 1100 versus:
436 1035 529 1120 (427)

363 1140 485 1219 σοφὸν
508 1138 536 1204 δ’
561 1139 739 1220 ἀπέχειν
764 1141 948 1219 πραπίδα

364 1251 558 1325 περισσῶν
581 1248 692 1325 παρὰ
714 1247 876 1325 φωτῶν·

363 1353 397 1418 τὸ
421 1353 534 1426 πλῆθος
557 1350 575 1417 ὅ
596 1376 624 1417 σν
650 1377 705 1430 περ
729 1351 917 1431 φαυλότερον

367 1459 486 1537 ἐνόμισε
509 1459 627 1540 χρῆταί
650 1484 706 1535 σε,
732 1457 800 1523 τάδε
825 1481 869 1522 σοι
893 1456 1018 1534 λέγοιμ’
1044 1455 1089 1520 ἄν.

226 1567 261 1629 et
288 1564 373 1629 1327

363 1672 388 1735 εἰ
414 1671 440 1736 δ’
464 1670 546 1736 ἔστιν
572 1667 652 1742 ὅστις
678 1671 826 1746 δαιμόνων
848 1672 1028 1751 ὑπερφρονεῖ

366 1777 401 1847 ἐς
426 1777 528 1841 τοῦδ’
553 1778 730 1858 ἀθρήσας
754 1777 930 1842 θάνατον
956 1779 1132 1854 ἡγείσθω
1168 1776 1287 1845 θεούς.

275 1881 426 1947 Omnium
449 1883 569 1968 optime
592 1903 669 1968 ergo
689 1905 796 1948 versus
815 1883 863 1948 illi
883 1884 1036 1949 eiusmodi
1055 1882 1237 1968 tragoediae
1256 1881 1416 1947 ascriben-

227 1992 299 2066 tur,
324 1989 358 2052 in
381 2012 443 2074 qua
465 1990 582 2074 impius
604 1989 700 2054 homo
725 1991 917 2076 deorumque
940 1995 1118 2056 contemtor
1140 2010 1260 2076 poenas
1282 1988 1343 2052 luit
1356 1987 1394 2074 ⁹).

725 2299 916 2308 ...-.---—.

693 2515 880 2600 OAPUT
901 2516 958 2601 ΙΙ.

336 2747 381 2795 ΒΕ
407 2746 500 2798 ΟΒΤΠ
526 2747 569 2796 ΕΤ
593 2746 760 2798 monario
786 2749 920 2800 RERUM.
948 2749 1089 2799 OOELUM
1115 2748 1158 2798 ΕΤ
1180 2747 1306 2798 mass.

272 2915 347 2982 Jnm
371 2920 410 2982 ad
430 2916 557 3001 singula
576 2921 783 2984 transeamus.
806 2920 845 2985 In
868 2919 1033 2983 notissimo
1052 2919 1092 2982 fr.
1117 2920 1194 2995 488,
1215 2917 1304 2982 ouius
1327 2939 1372 2980 vs.
1398 2917 1415 2980 l

225 3029 261 3090 et
288 3025 307 3087 2
330 3024 421 3088 nobis
443 3025 581 3090 servavit
602 3023 775 3109 Dionysius
796 3026 869 3091 Hal.
892 3025 999 3112 (Rhet.
1012 3025 1071 3090 IX.
1087 3027 1138 3090 ll.
1163 3025 1225 3091 vol.
1239 3025 1270 3102 5,
1283 3046 1314 3108 p.
1329 3023 1416 3107 356),

225 3152 275 3194 vs.
302 3129 389 3195 2-o
413 3128 572 3196 Diodorus
595 3130 657 3198 Sio.
683 3131 723 3216 (Ι.
750 3133 794 3215 7),
819 3133 897 3198 haee
921 3132 1089 3216 leguntur:

411 3238 484 3300 uarix
508 3237 579 3314 ἐμὸς
605 3239 618 3302 ὃ
642 3239 751 3316 μῦθος,
777 3241 852 3303 ἀλλ’
877 3240 951 3314 ἐμῆς
977 3239 1089 3316 μητρὸς
1113 3237 1214 3315 πάρα,

409 3346 448 3414 ὥς
474 3344 592 3420 οὐρανός
619 3368 653 3407 σε
677 3346 760 3422 γαῖά
785 3347 813 3408 τ’
840 3341 873 3418 ἦν
896 3346 999 3426 μορφὴ
1024 3345 1093 3420 μία.

412 3449 478 3514 ἐπεὶ
504 3449 530 3513 δ’
556 3449 761 3530 ἐχωρίσθησαν
786 3452 931 3525 αλλήλων
954 3451 1032 3530 δίχα

410 3556 546 3620 τίκτουσι
571 3556 676 3621 σαντα
701 3556 874 3622 κάνέδωκαν
898 3557 941 3629 εἰς
964 3555 1058 3637 Odor,

412 3659 528 3742 δένδρη,
555 3663 701 3748 uersare,
725 3663 814 3741 θῆρας
837 3661 885 3736 οὕς
911 3661 937 3727 θ’
963 3659 1051 3741 ἅλμη
1076 3661 1182 3743 τρέφεν

413 3768 499 3847 γένος
524 3791 559 3833 τε
583 3769 703 3843 θνητῶν.

276 3871 421 3938 Primum
455 3875 575 3959 priores
605 3877 669 3940 tres
701 3897 809 3940 versus
842 3874 1110 3959 oontemplemur,
1141 3894 1274 3958 quorum
1298 3871 1350 3936 hio
1373 3874 1422 3935 est

227 4001 359 4046 sensus:
391 3981 486 4046 initio
516 4003 621 4046 rerum
653 3981 774 4046 eoelum
798 3985 978 4066 terramque
1001 3980 1134 4046 confusa
1156 4001 1252 4046 unam
1276 3977 1421 4044 habuisse

228 4085 379 4153 formam.

267 4307 292 4366 l)
309 4305 355 4354 eui
377 4307 508 4357 sententiae
526 4307 600 4356 cren.
618 4306 683 4356 illex⁴
702 4323 795 4372 quoque
813 4307 890 4356 lavere
908 4307 1019 4366 videtur,
1037 4308 1077 4372 qui
1097 4307 1199 4356 laudetis
1216 4305 1285 4356 mhus
1301 4306 1422 4372 praemisit

232 4390 307 4439 hue:
325 4387 338 4435 ό
355 4387 436 4436 τοίνυν
452 4387 487 4450 μὴ
505 4387 644 4450 πυθόμενος
661 4391 693 4452 τῇ
710 4387 826 4454 ἀληθείᾳ,
844 4384 1046 4454 διδασκαλίᾳ
1073 4386 1106 4437 tl
1132 4386 1305 4452 α’νθραπίνρ
1329 4403 1421 4436 reru·

225 4467 379 4534 φαμένη
395 4467 536 4530 δνσδαίμννν
554 4468 639 4528 ἄθλιός
655 4485 685 4518 σι
702 4471 769 4520 κατα
785 4471 829 4520 τὸν
848 4471 882 4520 Ἦ.
908 4488 929 4519 κ.
939 4487 964 4518 r.
974 4480 997 4519 λ.

265 4549 297 4612 2)
317 4549 387 4600 Velut
403 4550 428 4600 in
446 4550 630 4617 Bellerophonte
647 4555 671 4600 et
688 4553 778 4602 Ixione.
