3422 5362
716 470 720 478 “
779 455 839 519 169

206 635 363 702 Euadnen
396 631 558 700 Electram
588 633 787 720 Antigonam
817 634 1038 721 instigaverit,
1068 655 1133 698 non
1157 653 1237 718 opus
1261 656 1329 699 esse
1351 636 1399 702 vi·

206 743 299 806 detur
319 741 463 806 atillam
484 741 600 806 amoris
620 741 822 826 disciplinam
842 743 883 807 ab
904 741 1010 827 aliqua
1022 739 1167 805 doctriua
1178 739 1399 825 philosophica

206 850 396 933 repetamus.

251 952 373 1030 Quibus
394 951 559 1038 perpensis
582 974 695 1037 parum
720 953 799 1018 mihi
818 976 838 1019 a
856 975 930 1018 uero
951 954 1098 1018 aberrare
1117 953 1226 1018 videor
1244 953 1272 1018 ai
1290 955 1397 1018 statuo

206 1057 392 1143 Euripidem
422 1058 581 1125 censumse
612 1059 783 1144 uuicuique
807 1060 847 1124 ad
869 1060 1036 1125 colendam
1059 1059 1210 1124 virtutem
1233 1058 1399 1144 ingenium

206 1164 379 1250 plurimum
403 1163 526 1242 ualere,
551 1186 686 1249 eumque
709 1167 805 1230 semel
828 1168 957 1229 tantum
979 1165 1097 1230 dixisse
1120 1165 1271 1229 vittatam
1294 1186 1398 1250 quan·

207 1272 280 1336 dam
299 1271 501 1336 institutione
521 1272 710 1356 comparari.
735 1271 823 1357 Ergo
845 1294 946 1356 neque
965 1273 999 1336 in
1019 1271 1079 1340 hac
1098 1293 1132 1336 re
1150 1292 1254 1355 neque
1273 1270 1307 1334 in
1328 1269 1399 1335 aliis

206 1379 340 1444 indicari
362 1381 469 1463 potest
491 1400 584 1463 quem
608 1378 748 1443 fructum
773 1401 790 1443 e
808 1378 1012 1464 philosophia
1028 1378 1191 1445 Socratica
1205 1377 1397 1462 perceperit;

205 1485 349 1570 sequitur
376 1488 413 1548 ut
431 1484 470 1549 de
489 1484 563 1568 ipsa·
579 1506 704 1571 quoque
724 1506 833 1550 corum
854 1485 1085 1550 consuetudine
1100 1484 1257 1570 judicium
1276 1487 1398 1550 certum

206 1591 283 1656 ferri
305 1594 451 1676 nequeat.

713 1873 901 1883 —na—-nn-

661 2047 849 2131 oAPUT
871 2048 953 2130 ΙΠ.

634 2250 681 2299 DE
707 2248 790 2298 VITA
815 2249 976 2300 PUBLIcA.

489 2394 508 2466 ἓ
533 2389 563 2451 l.
587 2388 639 2452 Dc
667 2386 758 2453 Cultu
782 2389 897 2473 iupeuii
917 2401 945 2453 ct
969 2389 1118 2474 conpone.

249 2540 394 2605 Breviter
425 2563 521 2624 supra
551 2547 618 2625 (pg.
655 2542 712 2625 20)
735 2542 891 2604 annotavi
910 2540 1094 2624 Euripidem
1117 2538 1258 2621 corporis
1277 2538 1399 2602 cultum

204 2646 327 2730 ingenii
358 2647 571 2729 praestantiae
603 2647 739 2711 multum
770 2646 1001 2730 posthabuisse.
1027 2644 1124 2710 Ouios
1142 2643 1319 2708 sententiae
1339 2645 1400 2706 tes-

203 2751 340 2816 timouia
362 2753 518 2837 quaedam
542 2753 703 2818 afferenda
726 2756 811 2817 suut.
837 2752 977 2816 Maxime
1000 2751 1164 2835 conspicui
1186 2751 1263 2814 sunt
1285 2748 1399 2813 ‹luode-

204 2858 339 2944 triginta
367 2859 483 2925 senarii
506 2882 545 2925 ex
569 2861 729 2946 Autolyco
752 2862 892 2944 excerpti
915 2861 956 2925 ab
980 2860 1099 2925 Athen.
1125 2859 1171 2944 (X
1194 2877 1249 2942 pg.
1274 2857 1401 2942 4310),

203 2966 320 3051 quibus
343 2967 516 3051 plaudente
540 2966 600 3032 hoc
624 2969 694 3052 ipso
715 2967 907 3032 athletarum
928 2988 1029 3049 genua
1042 2967 1184 3030 omnium
1197 2985 1303 3029 rerum
1315 2985 1400 3028 sum-

204 3094 291 3136 mum
322 3073 441 3136 malum
475 3071 626 3137 Graeciae
657 3073 768 3137 afferre
792 3073 918 3138 dicitur.
953 3071 1045 3136 Nihil
1069 3071 1154 3135 enim
1178 3070 1318 3153 corporis
1342 3091 1398 3133 ex-

205 3177 406 3242 ercitationes
428 3179 552 3244 civitati
573 3180 735 3263 prodesse;
760 3179 930 3243 absurdum
953 3199 1018 3242 esee
1030 3177 1168 3242 Graecos
1180 3175 1291 3240 harum
1303 3196 1400 3240 causa

204 3287 391 3368 congregari
414 3285 613 3370 athletasque
634 3286 760 3350 coronis
780 3277 914 3361 ornare,
933 3306 1031 3369 quum
1056 3284 1164 3369 potius
1187 3283 1247 3346 viri
1267 3281 1348 3366 justi
1368 3285 1401 3345 et

204 3410 351 3474 sagaces,
375 3391 431 3477 qui
456 3389 527 3454 lites
552 3395 585 3455 et
605 3391 738 3455 discidia
755 3395 965 3475 componant,
986 3387 1168 3453 honorandi
1179 3391 1294 3451 essent.
1307 3385 1400 3450 Prae-

203 3501 290 3561 terea
312 3496 347 3560 in
371 3498 494 3562 duabus
517 3497 636 3562 fabulis
659 3501 801 3581 teinpore
820 3518 934 3581 parum
954 3495 1148 3560 distantibus
1168 3496 1263 3578 poeta
1282 3514 1400 3577 propo·

205 3601 269 3666 suit
287 3602 444 3686 imagines
464 3602 606 3666 virorum
625 3602 727 3667 forma
747 3603 986 3686 despectorum,
1008 3600 1126 3664 virtute
1146 3599 1399 3684 conspicuorum.

203 3707 243 3772 In
265 3707 385 3772 Oreste·
397 3708 482 3773 euim
504 3709 672 3792 descripsit
691 3709 792 3774 civem
813 3709 917 3773 forma
929 3711 961 3772 et
973 3707 1156 3772 conditione
1169 3705 1398 3786 humillimum,

203 3813 333 3897 iugenio
364 3813 693 3898 praestantissimum,
725 3815 759 3878 iu
784 3814 938 3879 concione
962 3813 1100 3878 breviter
1122 3813 1219 3896 plane
1241 3809 1402 3894 sapienter

203 3918 300 3983 verba
331 3917 499 3984 facientem
524 3926 566 3996 (v.
591 3919 795 4005 917-929).
828 3920 865 3983 In
898 3918 1027 3983 Electra
1050 3918 1202 4002 produxit
1221 3916 1400 4000 operarium

204 4023 312 4106 illum,
333 4024 494 4090 hominem
514 4045 633 4090 novum
651 4026 686 4090 in
707 4026 830 4110 pulpito
851 4025 990 4109 tragIco,
1013 4025 1114 4089 virum
1137 4023 1268 4088 eximiae
1281 4027 1401 4102 σωφρο-

206 4129 313 4207 σύνης,
341 4152 435 4215 quem
463 4131 597 4195 laudans
625 4130 751 4198 Orestes
780 4132 857 4197 dicit
883 4131 960 4209 (385
984 4133 1068 4216 sqq.)
1100 4130 1230 4213 ingenio
1254 4129 1400 4194 homines

205 4235 417 4300 aestimandos
438 4258 523 4314 esse,
545 4259 680 4321 corpora
699 4260 772 4303 vero
794 4243 900 4303 mente
921 4237 1075 4302 destituta
1098 4235 1229 4300 nonnisi
1252 4235 1313 4300 sori
1334 4257 1401 4300 esse

205 4345 395 4406 ornamenta
418 4341 606 4426 (cyaneas
620 4345 769 4429 atropium
794 4364 859 4408 non
884 4343 971 4407 euim
990 4341 1121 4407 brachia
1140 4340 1274 4406 robusta
1287 4341 1399 4406 melius

205 4467 299 4531 quam
324 4447 453 4512 infirma
477 4446 603 4512 hastam
628 4447 787 4534 excipere,
811 4470 920 4514 uerum
945 4449 976 4512 id
1003 4451 1107 4512 totum
1129 4447 1268 4532 positum
1288 4469 1354 4514 ease
1367 4449 1401 4513 in

205 4552 311 4618 indole
342 4558 374 4619 et
405 4555 504 4620 animi
536 4553 734 4620 fortitudine.
766 4553 931 4642 Amphion
963 4555 996 4620 iu
1020 4553 1162 4640 Antiopa
1188 4554 1286 4620 vitam
1310 4577 1398 4620 suam
