3418 5356
788 416 828 482 61

206 619 235 664 υ.
261 598 385 685 23)-
413 599 562 685 physicos
593 599 740 666 ferebant
770 605 804 666 et
824 601 1078 682 μετεωρολέσχας
1104 603 1159 687 qui
1181 603 1400 681 vocabantur,

204 705 326 790 quippe
343 705 384 770 ad
400 727 511 772 causas
522 729 630 772 caecas
642 712 675 772 et
687 709 768 772 vires
779 707 927 773 fortuitas
939 712 973 773 et
983 709 1239 793 perturbationes
1251 730 1398 774 necessa-

205 811 271 876 rias
283 833 401 877 numen
413 812 558 878 divinruu
570 814 749 898 redigentes
756 811 797 900 ¹);
807 853 847 864 —
856 815 974 880 similes
986 836 1061 900 ergo
1074 816 1181 901 pueris
1187 817 1243 901 qui
1254 816 1400 882 ludentes

205 939 310 1002 pupas
332 941 406 984 suas
426 918 560 985 ridicule
582 923 725 985 tractant
746 924 780 986 et
798 921 880 986 male
901 922 1061 1000 mulcant,
1083 926 1119 986 at
1141 923 1206 987 vim
1229 926 1262 987 et
1284 926 1399 988 coutu-

206 1025 318 1091 melias
345 1025 490 1090 inferunt
512 1027 552 1091 iis
575 1028 630 1111 qui
654 1049 706 1092 eas
730 1028 868 1093 adimere
891 1033 1058 1094 conentur.
1089 1029 1210 1105 Quibus
1233 1030 1398 1116 perpensis

205 1131 294 1216 linge
315 1133 376 1197 tibi
397 1133 625 1218 philosophum
648 1134 761 1198 studiis
784 1135 891 1199 omnia
914 1135 1177 1219 posthabentem‚
1203 1137 1258 1220 qui
1281 1137 1316 1200 in
1339 1136 1397 1201 illo

204 1238 325 1323 populo
344 1240 481 1304 maxima
496 1261 535 1306 ex
548 1245 639 1326 parte
649 1240 810 1305 inerudito
822 1240 940 1306 librum
951 1243 1074 1326 ederet,
1087 1263 1152 1327 quo
1165 1243 1318 1328 neglectis
1329 1265 1398 1308 om·

205 1344 301 1410 uibus
320 1346 382 1410 diis
402 1367 531 1430 prorsus
550 1368 643 1432 novo,
662 1346 783 1412 civibus
798 1347 954 1424 inaudita,
972 1369 1044 1412 cum
1065 1368 1173 1414 eornm
1186 1349 1307 1434 pietate
1318 1369 1399 1434 pug-

205 1451 318 1516 nantia
329 1452 473 1530 doceret,
486 1474 544 1517 nec
556 1453 723 1518 miraberis
734 1454 830 1518 talem
843 1454 947 1518 virmn
960 1454 1111 1531 οξσεβεέοις
1124 1477 1191 1519 esse
1203 1460 1397 1520 accusatum.

250 1557 335 1622 Nam
365 1559 505 1644 primum
535 1560 710 1624 tenendum
740 1564 790 1624 est
820 1582 892 1625 enm
924 1581 990 1625 uon
1015 1560 1148 1625 eruditis
1173 1562 1227 1625 sed
1252 1561 1339 1646 plebi
1362 1563 1398 1626 iu

203 1664 416 1749 suspicionem
438 1666 578 1742 venisse3
602 1670 671 1730 tum
696 1669 911 1744 accusatores,
935 1667 1000 1731 sive
1024 1666 1085 1730 fuit
1105 1665 1202 1731 Cleon
1224 1668 1290 1732 sive
1309 1667 1397 1732 Thu·

203 1771 348 1856 cydides,
370 1793 442 1837 cum
458 1771 610 1857 Diopithe
623 1776 785 1838 sacerdote
798 1773 899 1858 magis
910 1773 971 1838 sibi
982 1773 1182 1858 proposuisse
1195 1778 1232 1838 ut
1243 1773 1397 1838 Periclem

204 1882 359 1943 vexarent
389 1881 422 1942 et
450 1877 637 1962 frangerent
667 1877 775 1943 amicis
806 1880 979 1957 accusatis,
1012 1901 1108 1964 qnam
1139 1883 1177 1942 ut
1207 1879 1399 1965 philosopho

205 1988 359 2050 nocerent
371 1983 409 2069 Β).
434 1984 495 2050 Sed
517 1985 616 2068 probe
637 1984 780 2050 sciebant
800 1985 889 2050 nulla
908 2007 942 2049 re
961 1985 1088 2050 facilius'
1107 2007 1203 2069 quam
1222 1985 1397 2070 impietatis

205 2090 383 2176 suspicione
405 2081 544 2175 aliquem
566 2091 688 2156 civibus
706 2091 741 2154 in
762 2091 870 2155 odium
891 2092 1006 2155 adduci
1025 2111 1135 2176 posse;
1155 2093 1189 2155 et
1207 2090 1319 2155 exinde
1338 2091 1400 2156 hoc

205 2197 326 2263 crimen
349 2197 383 2262 in
406 2197 553 2262 civilibus
576 2197 739 2263 discordiis
763 2199 866 2262 erasit
884 2197 1133 2264 instrumentum
1154 2197 1195 2260 ad
1214 2198 1398 2282 opprimen-

205 2305 264 2368 dos
285 2303 482 2369 adversarios
504 2301 765 2369 efficacissimum.

250 2409 327 2475 Noli
356 2414 465 2475 tamen
497 2413 622 2475 credere
644 2433 743 2475 unum
766 2408 864 2487 illud,
887 2409 988 2474 solem
1012 2431 1079 2474 esse
1102 2408 1212 2489 μύδρον
1234 2410 1398 2495 διάπυρον,

205 2521 333 2581 tantum
369 2516 398 2582 ei
432 2516 577 2581 attulisse
607 2509 793 2602 periculum.
826 2514 902 2581 Sine
932 2516 1030 2580 dubio
1052 2518 1140 2581 totus
1163 2515 1244 2580 liber
1266 2517 1398 2582 crimine

203 2622 378 2708 impietatis
396 2623 566 2688 tenebatur
580 2624 623 2708 3),
643 2624 698 2689 sed
717 2623 853 2688 fortasse
872 2621 997 2686 nullum
1018 2625 1130 2708 deum,
1151 2644 1245 2707 quem
1261 2623 1396 2708 populus

203 2733 317 2814 utpote
348 2727 526 2793 beneficum
556 2731 777 2807 veneraretur,
801 2729 842 2793 ab
865 2750 901 2794 eo
925 2729 1086 2814 repudiari
1107 2731 1174 2794 tam
1197 2730 1397 2814 perspicuum

204 2840 275 2900 arat
302 2857 399 2920 quam
431 2835 548 2912 solem,
580 2836 627 2900 ita
656 2841 693 2902 ut
720 2857 759 2901 ex
790 2836 886 2900 variis
919 2836 1131 2900 accusationis
1154 2835 1312 2920 capitibus
1334 2836 1397 2903 hoc

205 2941 386 3026 exemplum
409 2941 662 3026 insignissimum
685 2941 866 3027 posteritati
889 2942 931 3006 sit
953 2941 1118 3006 traditum.

251 3047 347 3114 Hunc
364 3068 442 3132 ergo
461 3050 588 3112 secutus
599 3048 766 3133 Euripides
777 3048 876 3112 solem
887 3048 922 3111 in
934 3045 1135 3111 Phaethonte
1146 3047 1283 3128 xpectas
1294 3048 1395 3126 βῶλον

205 3175 333 3220 vocasse
367 3154 565 3240 perhibetur.
600 3153 660 3230 Qui
691 3153 843 3240 Diogenis
874 3154 963 3219 locus
994 3154 1070 3220 viris
1102 3155 1204 3219 doctis
1229 3155 1329 3219 multa
1348 3156 1398 3221 fa·

204 3261 333 3327 effluit
360 3261 500 3347 negotia.
525 3259 610 3326 Nam
633 3261 688 3346 qui
710 3261 794 3325 idem
818 3263 930 3326 narrat
952 3259 1130 3326 Scholiasta
1153 3260 1188 3324 in
1211 3260 1305 3325 Pind.
1331 3260 1397 3348 (01.

205 3367 232 3432 Ι.
258 3367 316 3454 97)
346 3388 405 3451 pro
433 3364 635 3432 Phaethonte
666 3368 746 3432 citat
776 3366 873 3430 verba
904 3389 943 3432 ex
967 3365 1078 3431 Oreste
1103 3366 1215 3451 (982),
1238 3367 1279 3430 ad
1303 3389 1397 3452 quem

212 3547 382 3558 ψ...-

242 3653 269 3716 1)
287 3653 357 3716 Quod
375 3651 432 3700 Eur.
449 3651 500 3716 ipsc
517 3667 563 3703 uon
581 3653 631 3702 sine
648 3651 776 3702 acerbitate
793 3650 935 3716 significavit
952 3650 989 3701 hie
1008 3650 1107 3700 Medeae
1124 3648 1228 3700 versibus
1246 3652 1333 3717 (295)ι

474 3732 525 3796 χρὴ
542 3732 565 3782 δ’
583 3733 665 3784 οὔποθ’
683 3733 755 3792 ὅστις
771 3733 894 3796 όρτέφρων
911 3731 1002 3795 πέφυκ’
1019 3731 1077 3792 ἀνὴρ

475 3814 568 3875 παῖδας
584 3823 708 3879 περισσῶς
725 3814 914 3865 ἐκδιδάσκεσθαι
931 3813 1038 3877 σοφοός·

474 3898 552 3961 χωρές
568 3901 618 3962 γὰρ
634 3899 716 3957 όλλκς
733 3895 761 3957 ἧς
778 3897 883 3962 ’έχουσιν
900 3897 990 3960 όργόκς

474 3979 558 4044 φόόνον
575 3983 636 4042 πρὸς
652 3981 737 4031 όστῶν
755 3979 895 4044 οὶλφόνευσι
914 3978 1029 4041 δυσμενῆ.

476 4067 584 4114 σκωιόῖσι
601 4063 647 4124 μέν
663 4065 712 4126 γόρ
730 4063 802 4112 καινὰ
818 4061 959 4126 προσφέρων
975 4063 1043 4124 σοφὰ

476 4143 555 4210 δόξεις
570 4145 674 4208 ἀχρεῖος
690 4143 734 4194 κσό
752 4146 829 4208 σοφός
847 4142 997 4207 πεφυκέναι·

475 4231 525 4277 τόν
542 4225 564 4278 δ’
582 4223 614 4278 ab
632 4225 766 4278 δοκούντων
783 4223 873 4276 εέέένιει
891 4244 918 4276 τι
935 4226 1047 4276 ποικέλον

241 4397 270 4462 Β)
288 4395 326 4444 Cl.
344 4393 452 4444 Plutia
470 4407 494 4442 v.
512 4394 599 4444 Paricl.
617 4410 637 4446 c.
655 4394 696 4445 32.

241 4481 267 4540 s)
286 4479 394 4528 Socrates
417 4475 482 4526 enim
502 4475 527 4526 ln
545 4477 608 4528 Plat.
627 4476 699 4542 Apol.
716 4490 755 4542 pg.
774 4474 805 4522 26
820 4475 838 4521 ll
855 4474 924 4526 dicit:
944 4473 984 4523 ότι
1004 4475 1038 4522 τό
1057 4474 1226 4538 Ἀναξαγόρου
1245 4479 1401 4540 atatim...

206 4559 283 4624 γέμει
300 4557 397 4609 τοότοιν
413 4561 464 4606 τόν
481 4557 568 4622 λόγοιν.
