3418 5356
884 463 927 536 '7'6

353 652 457 728 Num,
484 653 512 718 si
534 654 600 718 eius
624 653 823 738 disciplinam
847 657 917 720 toto
937 654 1045 718 animo
1064 653 1247 738 recepisset,
1269 653 1362 718 tanta
1380 652 1494 717 incon·

309 759 428 826 stantia
451 760 536 824 inter
558 759 662 823 varias
683 758 848 843 religionis
871 760 989 825 formas
1013 759 1199 825 fluctuasset
1222 761 1412 843 tantamque
1438 758 1497 824 du·

309 862 538 950 bitationem1)
568 865 645 949 quid
676 867 715 929 de
745 865 878 930 summis
910 866 1004 930 rebus
1027 868 1169 930 censeret
1192 886 1268 949 prae
1292 887 1325 929 se
1348 865 1497 930 tulisset?

309 971 390 1036 Turn
411 972 437 1036 si
458 972 494 1035 in
517 971 611 1035 rebus
634 971 773 1055 physicis
796 972 863 1036 eius
886 972 1091 1056 expressisset
1113 971 1248 1056 placita,
1274 993 1380 1036 nonne
1403 992 1495 1056 prae-

309 1080 401 1164 cipue
422 1078 609 1143 inseruisset
630 1077 748 1141 fabulis
771 1098 808 1142 eo
833 1079 906 1142 vivo
930 1079 1081 1162 seriptis?

355 1183 475 1259 Quibus
506 1183 714 1248 consideratis
745 1204 782 1248 ac
812 1184 997 1268 ponderatis
1026 1185 1052 1249 si
1075 1184 1278 1248 recordamur
1301 1205 1397 1268 quam
1420 1182 1497 1247 sim·

309 1291 404 1377 plicia
434 1296 467 1356 et
496 1291 594 1375 plana
626 1290 692 1354 sint
723 1290 874 1375 dogmate
903 1289 1076 1375 Euripides
1107 1295 1139 1354 et
1167 1312 1262 1374 quarn
1296 1288 1411 1354 similia
1440 1289 1499 1374 iis,

309 1419 391 1484 quae
418 1398 483 1482 jam
508 1401 629 1461 veteres
653 1397 828 1461 docuerant
851 1397 1018 1481 genealogi
1041 1400 1216 1482 poetasque
1238 1398 1396 1472 recentes,
1421 1416 1501 1461 con·

310 1504 501 1570 cludendum
525 1503 616 1568 nobis
636 1523 702 1567 esse
722 1501 847 1568 videtur
866 1525 938 1566 eum
962 1502 1148 1586 expressisse
1170 1495 1397 1586 cogitationes,
1418 1521 1501 1585 quae

311 1608 535 1675 eruditioribus
555 1609 639 1674 inter
658 1608 804 1692 aequales
823 1629 1006 1673 communes
1024 1611 1057 1672 et
1068 1606 1238 1672 familiares
1250 1611 1356 1672 essent
1367 1607 1500 1672 cunctis.

310 1715 396 1782 Nam
415 1718 452 1780 ut
470 1716 616 1779 omittam
637 1713 829 1799 Aeschylum
842 1718 874 1779 et
886 1713 1076 1799 Sophoclem
1089 1761 1096 1792 ‚
1110 1736 1203 1799 quem
1216 1713 1361 1799 quamvis
1374 1715 1501 1798 tragos-

310 1823 371 1888 diis
391 1822 455 1886 suis
474 1821 569 1904 nihil,
592 1821 678 1906 quod
697 1820 738 1884 ab
758 1825 826 1885 arte
843 1821 966 1906 tragica
979 1820 1118 1884 alienum
1131 1825 1221 1903 esset,
1235 1821 1407 1884 admiscere
1419 1817 1502 1883 sole-

310 1933 377 2008 ret,
398 1929 570 2013 aliquando
587 1931 695 1992 tamen
714 1927 905 2012 sapientium
922 1927 1083 1991 doctrinas
1101 1926 1255 2011 respicere
1267 1927 1443 2010 accepimns
1456 1923 1501 2011 ⁸),

311 2056 420 2100 nonne
458 2034 619 2100 oraculum
651 2031 842 2119 Delphicum
871 2033 947 2098 olim
979 2032 1020 2097 ab
1053 2033 1265 2098 Alcmeonidis
1297 2037 1500 2117 corruptum,

310 2141 485 2206 recentiore
517 2140 669 2205 memoria
702 2161 721 2202 a
751 2139 963 2205 Themistocle
984 2139 1084 2223 ipsius
1107 2138 1264 2202 arbitratu
1288 2138 1501 2222 explicatum,

309 2246 492 2312 testimonio
512 2250 561 2312 est
583 2245 713 2311 remotis
733 2246 800 2330 jam
813 2244 1020 2331 ‘temporibus
1042 2246 1168 2330 praeter
1189 2244 1397 2330 philosophos
1416 2245 1502 2310 viros

311 2353 425 2430 luisse,
452 2353 507 2438 qui
530 2375 597 2417 non
616 2353 724 2418 omnia
749 2352 788 2416 ad
813 2353 942 2417 deorum
967 2355 1083 2415 nutum
1106 2351 1176 2415 fieri
1199 2351 1386 2415 crederent?
1417 2349 1503 2426 Quos

310 2460 346 2524 in
377 2460 524 2545 legendo,
542 2459 683 2525 Hesiodo
713 2459 907 2524 intellexisse
929 2462 1009 2543 puto
1034 2458 1171 2536 Οὐράνου
1194 2457 1246 2521 aab
1270 2457 1368 2528 ratas
1391 2457 1504 2522 matri·

311 2567 420 2632 monio
438 2567 611 2652 significari
630 2567 753 2632 coelum
778 2567 895 2630 terram
918 2564 1073 2629 imbribus
1096 2564 1290 2642 fecundans,
1315 2567 1410 2648 atque
1433 2584 1503 2629 om-

311 2672 389 2737 nino
413 2673 453 2736 ad
477 2693 587 2737 causas
607 2671 754 2757 physicas
776 2692 938 2737 revocasse
959 2692 1024 2736 non
1044 2670 1172 2755 quidem
1193 2669 1319 2753 omnia,
1333 2671 1387 2734 sed
1399 2669 1502 2734 multa

312 2799 393 2862 quae
427 2777 664 2862 superstitiosae
699 2777 784 2861 plebi
818 2797 884 2840 non
916 2777 983 2841 sine
1014 2777 1123 2841 divina
1154 2797 1250 2860 opera
1274 2775 1387 2841 confici
1409 2798 1502 2862 posse

311 2884 505 2948 viderentur.

357 2988 426 3064 Quo
457 3009 552 3059 sensu
575 2992 615 3055 de
637 2989 865 3074 antiquissimis
888 2989 1105 3073 mythologice
1129 2982 1337 3072 scriptoribus
1360 3011 1380 3052 a
1403 2987 1504 3056 Olem.

311 3093 459 3160 Romano
484 3095 640 3181 (Recogn.
665 3095 705 3160 ad
728 3095 838 3160 Jacob.
863 3094 883 3158 l.
910 3094 954 3181 X)
974 3094 1095 3160 utiliter
1115 3097 1306 3157 annotatum
1327 3101 1392 3158 este
1411 3095 1503 3159 ›Ho-

312 3222 384 3266 rum
414 3222 490 3286 ergo
522 3202 641 3287 scripta
670 3203 707 3265 in
738 3204 816 3266 duas
843 3203 949 3284 partes
973 3199 1206 3284 intelligentiae
1230 3200 1417 3265 dividuntur
1439 3201 1461 3264 i.
1475 3223 1503 3266 e.

312 3309 486 3372 secundum
518 3308 644 3373 literam
677 3311 710 3372 et
739 3307 911 3372 secundum
945 3306 1147 3391 allegoriam,
1173 3309 1205 3370 et
1227 3309 1267 3370 ad
1290 3327 1430 3390 eaquae
1453 3329 1503 3372 se·

312 3416 450 3481 cundum
481 3416 606 3481 literam
639 3417 715 3480 sunt
741 3413 895 3498 ignobilis
924 3413 1019 3477 turba
1050 3412 1214 3478 confluxit.
1246 3410 1294 3476 Ea
1324 3434 1399 3477 vero
1422 3435 1504 3498 quae

312 3525 485 3588 secundum
510 3522 693 3608 allegoriam
718 3524 868 3586 constant
892 3521 995 3584 omnis
1019 3518 1282 3604 philosophorum
1306 3520 1338 3582 et
1360 3520 1503 3585 erudito·

312 3651 382 3694 rurn
406 3609 584 3714 loquacitas
606 3625 762 3693 admirata
785 3625 868 3691 est.”
1042 3622 1044 3626 ’

358 3734 608 3820 Anaxagorasne
639 3754 715 3818 ergo
745 3731 827 3796 nihil
855 3733 897 3795 ad
927 3729 1089 3816 Euripidis
1111 3729 1275 3814 ingenium
1299 3729 1503 3797 formandum

312 3843 484 3910 contulisse
503 3843 677 3907 censendus
696 3836 768 3905 est?
789 3838 921 3904 Minime
940 3859 1025 3903 vero.
1046 3837 1130 3904 Nam
1142 3839 1169 3902 is
1180 3837 1323 3922 profecto
1335 3839 1505 3923 ingenium

313 4119 424 4182 ponetur.
450 4116 486 4166 cf.
514 4114 616 4165 Brandis
641 4115 662 4164 1.
686 4130 725 4180 pg.
750 4113 798 4162 519
820 4115 872 4163 not.
899 4111 1069 4176 ‚Wsnngleich
1091 4110 1219 4176 Euripides
1242 4109 1447 4175 angenscheinlich
1464 4112 1507 4161 der

313 4197 392 4248 Iehrs
414 4200 456 4247 des
478 4207 630 4262 Anaxagoras
652 4194 752 4260 ergcbcn
774 4210 823 4245 war
834 4233 907 4254 .....
925 4195 985 4244 doch
1002 4194 1093 4244 scheint
1112 4208 1138 4242 er
1154 4193 1205 4243 sich
1223 4192 1372 4242 ebcnscwohl
1390 4209 1436 4243 von
1452 4193 1508 4243 dem

313 4280 409 4330 wahren
432 4279 614 4347 Mittslpnnlrte
628 4278 671 4328 der
692 4281 768 4328 Anax.
784 4277 875 4337 lehre,
893 4277 929 4327 als
945 4291 1001 4326 vom
1017 4275 1127 4326 (llanben
1144 4277 1186 4325 der
1203 4276 1278 4326 Vtetur
1297 4275 1402 4327 entiemt
1418 4291 1448 4326 an
1464 4275 1509 4326 hr-

313 4361 372 4424 ben,
389 4379 458 4414 wsnn
475 4379 502 4412 er
518 4364 564 4413 den
582 4361 672 4413 Aether
688 4360 734 4411 mit
750 4362 805 4410 darn
821 4362 881 4410 Zeus
897 4356 1091 4410 identineierte’i

347 4446 374 4508 1)
392 4446 427 4494 (li
446 4444 532 4497 Troad.
549 4446 598 4495 884
615 4460 675 4510 «Ην
692 4443 722 4494 it.
742 4444 802 4494 904.

345 4528 373 4595 2)
391 4529 421 4578 In
435 4528 485 4578 vita
500 4528 570 4578 Arati
586 4544 623 4594 pg.
641 4527 703 4580 274:
724 4524 767 4575 aul
783 4525 913 4588 Σοφοκλῆς
931 4525 981 4574 Δία
1000 4524 1043 4573 τὸν
1060 4523 1129 4582 ἥλιον
1146 4525 1221 4574 καλεῖ
1235 4521 1332 4588 λέγων·
1348 4521 1441 4582 “Haece
1458 4522 1507 4573 cla·

310 4609 398 4677 rslprrt
415 4626 461 4673 με,
478 4609 504 4659 ὃν
522 4611 548 4660 ot
561 4610 635 4676 σοφοὶ
653 4607 759 4675 λέγουσι
778 4607 897 4673 γεννητὴν
915 4606 972 4657 θεῶν
989 4605 1033 4658 καὶ
1048 4606 1147 4672 rroerr‘pa
1163 4606 1271 4658 πάντων.
