3418 5356
774 457 836 522 137

206 639 374 726 opiniones
396 661 478 724 quas
500 637 670 724 Euripides
692 639 785 704 tueri.
809 639 895 706 Num
918 639 1018 726 igitur
1042 639 1076 704 hi
1095 661 1221 726 quoque
1241 663 1261 705 a
1279 641 1396 727 populo

206 746 460 813 dissentiebant?
496 745 544 812 At
571 749 655 811 artes
687 746 858 832 literaeque
890 747 1030 812 Graecae
1059 769 1183 832 semper
1211 748 1296 813 visae
1325 752 1401 813 sunt

207 873 273 918 non
307 853 348 917 ab
382 851 567 917 hominibus
602 852 703 918 doctis
733 874 801 918 esse
832 853 1045 931 constitutae,
1080 873 1190 918 verum
1225 853 1400 919 arctissime

207 959 373 1026 cohaerere
397 980 468 1023 cnm
492 959 623 1043 ingenio
645 958 812 1044 populari,
830 960 865 1024 in
885 980 948 1046 quo
967 959 1213 1024 fundamentum
1231 981 1323 1026 suum
1343 960 1402 1024 ha·

207 1065 328 1130 berani.
352 1063 518 1140 Quomodo
539 1065 640 1148 igitur
661 1066 740 1130 haee
762 1067 871 1130 omnia
892 1065 1081 1150 explicanda
1103 1069 1203 1131 sunt?

252 1169 351 1236 Genti
371 1171 525 1254 juvenili,
549 1171 618 1248 cui,
638 1193 737 1256 quum
756 1172 815 1236 sub
836 1171 923 1236 coelo
945 1175 1124 1256 temperato
1143 1172 1252 1256 paucis
1271 1175 1399 1238 tautum

207 1278 300 1344 rebus
334 1277 375 1342 sd
405 1277 577 1342 vivendum
608 1297 688 1362 opus
723 1283 826 1354 esset,
858 1279 925 1344 vita
956 1282 1025 1342 erat
1053 1265 1172 1355 fabilis,
1209 1300 1268 1343 nec
1291 1281 1399 1344 tamen

206 1384 253 1449 its
282 1386 319 1448 ut
349 1383 468 1448 inertes
500 1387 654 1468 perpetuo
684 1383 752 1448 otio
784 1384 846 1448 frui
869 1387 1018 1469 possent,
1042 1383 1157 1448 laetam
1182 1405 1309 1470 quoque
1331 1407 1401 1450 eam

207 1489 307 1555 rideri
337 1510 463 1554 neceam
494 1493 572 1554 erat.
608 1487 739 1556 Graecis
771 1510 847 1574 ergo
879 1511 1022 1555 summus
1047 1512 1137 1555 amor
1159 1491 1243 1556 ritae
1267 1495 1300 1555 et
1322 1490 1402 1556 lucis

206 1594 435 1679 ingeniumque
469 1595 571 1661 hilare
606 1597 755 1660 innatum
789 1600 876 1674 erat,
910 1597 999 1661 cuius
1037 1596 1084 1660 rei
1113 1595 1297 1661 testimonia
1326 1592 1403 1663 sunt

207 1700 389 1766 tristissima
411 1701 574 1779 conditio,
597 1725 660 1787 qua
678 1702 824 1768 homines
844 1706 1073 1788 postmortem
1093 1701 1195 1767 teneri
1214 1702 1399 1786 lingebant,

207 1806 375 1891 cultusque
409 1807 599 1891 magnificus
633 1808 785 1888 deorum,
820 1829 899 1895 qnos
928 1807 1016 1873 nulla
1051 1830 1085 1874 re
1118 1808 1219 1893 magis
1250 1807 1401 1874 delectari

208 1913 380 1978 credebant
414 1935 510 1998 quarn
545 1912 632 1980 feriis
666 1915 812 2000 ludisque
847 1917 1008 1980 communi
1039 1915 1205 1980 hominum
1241 1919 1400 1980 conventu

207 2018 289 2084 laeta
309 2019 486 2086 celebratis.
512 2019 601 2085 Hace
620 2024 689 2085 erat
706 2022 806 2104 igitur
818 2022 971 2106 primaria
983 2021 1089 2106 gentis
1100 2019 1206 2086 notio:
1222 2021 1321 2086 vitam
1333 2043 1399 2087 esse

207 2125 330 2191 felicem
363 2131 396 2191 et
422 2127 549 2192 laetam.
586 2127 705 2193 Verum
729 2129 862 2194 simulac
885 2130 1000 2213 aliquis
1023 2134 1135 2214 poeta,
1160 2129 1344 2194 sublimiore
1366 2134 1400 2193 et

208 2230 349 2297 acutiore
370 2233 502 2316 ingenio
525 2235 688 2319 praeditus
710 2257 806 2320 quam
830 2234 963 2319 vulgus,
984 2254 1118 2318 magnos
1138 2236 1269 2299 eventus
1289 2255 1401 2299 canere

208 2337 362 2425 suscepit,
408 2339 464 2424 qui
498 2339 581 2404 nulli
615 2342 684 2405 sine
717 2341 882 2406 laboribus
917 2339 1141 2424 doloribusque
1174 2340 1398 2418 conficiuntur,

208 2467 333 2512 necesse
355 2448 424 2510 erat
442 2450 478 2511 ut
497 2447 681 2532 diligentius
700 2448 841 2513 intuenti
860 2449 984 2513 veniret
1000 2447 1035 2511 iu
1048 2447 1284 2532 persuasionem
1297 2447 1397 2512 vitam

207 2573 273 2617 non
296 2573 420 2637 semper
441 2557 508 2628 tam
528 2552 653 2618 facilem
673 2557 706 2618 et
726 2553 848 2618 felicem
869 2575 935 2619 esse
955 2575 991 2619 ac
1010 2553 1108 2638 vulgo
1128 2554 1298 2618 videretur.
1311 2553 1399 2619 Haec

206 2658 306 2744 igitur
339 2658 480 2724 nascitur
511 2660 599 2725 velut
620 2661 730 2744 opinio
753 2661 954 2746 secundaria,
981 2683 1062 2746 quae
1085 2660 1270 2744 vulgaribus
1294 2661 1401 2726 notio·

208 2766 301 2831 nibus
320 2767 554 2850 quodammodo
574 2767 722 2852 opposita
741 2767 826 2852 apud
850 2788 960 2832 omnes
983 2770 1094 2852 poetas
1117 2767 1241 2852 saepius
1259 2767 1401 2832 rariusve

207 2872 343 2958 repetita
375 2872 502 2957 legitur.
539 2871 623 2939 Cave
658 2876 766 2938 tamen
798 2873 874 2938 inde
906 2874 1036 2958 colligas
1060 2876 1171 2957 poetas
1193 2871 1267 2937 illos
1290 2895 1399 2938 revers

208 2978 305 3045 vitem
338 3001 404 3044 csse
434 3001 572 3064 perosos.
609 2979 753 3044 Primum
784 2981 868 3044 enim
893 2980 979 3064 quod
1002 2980 1169 3062 ingenium
1194 2982 1310 3044 natura
1332 2980 1402 3064 ipsa

208 3085 298 3170 genti
332 3085 427 3150 alicui
457 3087 506 3150 vel
537 3085 673 3170 singulis
703 3085 886 3151 hominibus
916 3085 1107 3162 instillavit,
1135 3085 1168 3148 id
1200 3106 1257 3169 per
1291 3107 1401 3150 omnes

208 3214 306 3277 paene
328 3195 463 3258 eventus
486 3195 519 3257 et
541 3212 632 3258 casus
655 3192 836 3256 conservari
859 3191 957 3256 solet:

365 3297 457 3374 >Quo
480 3298 578 3364 semel
600 3301 650 3363 est
669 3298 794 3364 imbuta
815 3318 925 3363 recens
948 3297 1089 3363 servabit
1110 3298 1239 3363 odorem

364 3403 460 3468 Testa
482 3403 571 3470 diu”.

251 3509 363 3594 Neque
397 3507 446 3572 illi
477 3512 515 3574 nt
544 3509 713 3594 Euripides
746 3511 781 3575 in
814 3511 881 3575 otio
913 3510 1064 3574 vivebant
1095 3509 1170 3574 solis
1199 3509 1313 3576 studiis
1341 3533 1398 3576 va·

208 3617 315 3679 cantes
338 3617 494 3700 perpetuo
516 3615 618 3679 rebus.
634 3619 666 3680 et
689 3616 854 3680 doloribus
877 3615 960 3681 fictis
983 3615 1145 3700 occupati,
1169 3619 1223 3682 sed
1242 3617 1277 3680 iu
1297 3617 1401 3682 media

208 3717 276 3784 lnce
310 3719 518 3805 omniumque
548 3720 632 3784 vitae
664 3721 811 3806 publicae
841 3721 1096 3787 vicissstudinum
1127 3722 1307 3808 participes.
1343 3721 1400 3787 In·

208 3823 399 3910 telligebant
434 3825 562 3910 quidem
596 3826 636 3890 iis
669 3827 724 3912 qni
756 3827 791 3891 in
823 3826 984 3890 aerumnis
1017 3827 1129 3892 vivant
1162 3829 1261 3893 vitam
1296 3828 1400 3893 duris-

207 3929 317 3996 simam
349 3932 451 3996 videri
481 3952 592 4016 posse,
623 3931 686 4016 ipsi
716 3936 824 3996 tamen
847 3954 885 3996 ea
911 3933 1002 4016 quasi
1026 3955 1150 3998 summo
1173 3933 1259 3999 bono
1282 3955 1400 4019 magna

208 4057 279 4101 curn
301 4037 467 4122 voluptate
491 4037 687 4102 fruebantur.
714 4040 825 4123 Itaque
849 4040 890 4103 ab
913 4038 1069 4112 Homero,
1090 4061 1282 4124 quemqnam
1303 4041 1401 4125 probe

207 4144 368 4228 perspexit
385 4165 490 4208 rerum
506 4143 720 4210 humanarum
734 4145 892 4209 miseriam
906 4148 938 4209 et
950 4146 1141 4230 vanitatem,
1156 4147 1265 4211 tamen
1278 4167 1401 4231 semper

208 4269 292 4314 mors
311 4251 412 4314 tristis
435 4253 469 4314 et
487 4249 649 4314 horribilis
671 4251 755 4316 vitae
775 4249 838 4316 luci
858 4251 1051 4336 opponitur,
1070 4250 1117 4314 ita
1131 4254 1168 4315 ut
1178 4249 1319 4316 Achilles
1330 4273 1400 4318 oru-

210 4354 298 4420 nium
317 4355 492 4421 inferorum
514 4357 648 4440 imperio
669 4355 828 4442 praeferat
848 4356 994 4422 vilissimi
1013 4355 1197 4422 mercenarii
1217 4357 1326 4422 vitam
1346 4355 1401 4424 So·

208 4459 336 4546 phocles
360 4465 519 4528 extremae
541 4463 692 4546 perniciei
716 4463 819 4549 pictor
842 4463 976 4530 eximius
998 4485 1054 4548 per
1073 4465 1173 4528 totam
1193 4463 1291 4529 vitam
1310 4467 1402 4530 tanta

208 4566 269 4632 luit
287 4567 446 4634 hilaritate
466 4574 503 4636 ut
523 4569 606 4652 apud
628 4571 774 4653 aequales
797 4569 830 4633 in
852 4570 1054 4654 proverbium
1068 4568 1189 4634 abierit.
1216 4568 1291 4636 Non
1304 4569 1396 4636 facile
