3422 5362
791 501 853 566 147

220 653 392 739 Praecepta
423 653 557 720 moralia
584 675 712 739 eorum,
740 657 899 739 quatenus
923 654 1015 718 nobis
1040 654 1159 720 tradita
1181 657 1275 732 sunt,
1300 655 1415 740 optimi

219 758 370 846 cunque
394 760 585 828 Graecorum
610 761 764 826 doctrinis
788 760 990 826 adnumerari
1014 763 1159 846 possunt
1185 759 1328 846 Mythus‚
1351 782 1415 847 quo

220 864 412 951 Protagoras
436 866 617 951 explicabat
637 865 751 934 Jovern
775 865 959 932 hominibus
983 866 1077 932 initio
1099 865 1253 932 infudisse
1277 867 1360 942 δίκην
1384 872 1416 932 et

221 970 293 1036 aith
322 971 431 1057 (Plato
463 973 551 1038 Prot.
582 993 637 1057 pg.
665 973 731 1038 320
744 970 886 1038 D-322
902 971 961 1058 D),
993 973 1181 1057 purissimus
1212 975 1269 1040 est.
1304 972 1417 1058 Neque

221 1075 357 1164 Gorgias
380 1082 413 1144 et
436 1077 572 1163 Hippias
595 1078 778 1144 dissensisse
800 1077 960 1143 ridentur.
983 1077 1109 1144 Prodici
1129 1081 1207 1144 nota
1226 1084 1304 1144 sunt
1322 1101 1415 1163 prae·

220 1187 313 1268 cepta
335 1183 470 1248 moralia
492 1183 691 1250 sanctissima
714 1183 861 1249 Herculis
883 1183 992 1248 fabula
1014 1182 1175 1249 illustrata
1189 1181 1226 1270 ¹).

265 1287 327 1364 Qui
363 1290 494 1355 tandem
532 1290 652 1355 lactum
691 1297 740 1354 est
773 1295 807 1354 ut
838 1291 873 1354 in
911 1311 1006 1355 omns
1041 1311 1154 1354 aevum
1180 1289 1269 1355 velut
1292 1312 1416 1357 morum

220 1399 419 1479 corruptores
450 1395 613 1481 despectui
643 1395 788 1462 loennt?
822 1393 904 1470 Quia
927 1397 1074 1480 aequales
1098 1417 1167 1462 non
1187 1396 1418 1463 intellexerunt

221 1521 328 1568 eorum
359 1502 540 1580 doctrinas,
568 1501 716 1586 discipuli
743 1501 892 1566 nonnulli
917 1503 956 1568 iis
975 1502 1067 1566 abusi
1085 1505 1179 1578 sunt3
1200 1503 1276 1587 quia
1298 1503 1418 1589 injuria

221 1607 421 1693 disciplinam
456 1608 711 1694 philosophicam
742 1609 936 1673 constituere
967 1609 1178 1674 credebantur
1204 1613 1237 1673 et
1259 1610 1416 1675 recentio-

220 1733 270 1778 res
299 1712 442 1798 plerique
472 1736 579 1780 eorum
613 1715 776 1780 doctrinas
802 1713 1039 1800 philosophicas
1065 1714 1226 1780 immerito
1253 1715 1293 1778 ad
1324 1737 1416 1799 prae-

220 1823 313 1905 cepta
336 1821 469 1886 moralia
491 1821 696 1888 rettulerunt.
721 1820 814 1885 Plato
833 1821 872 1884 iis
889 1821 1035 1885 omnium
1054 1821 1192 1886 maxime
1212 1821 1341 1898 nocuit3
1362 1821 1417 1886 sed

221 1924 366 1992 &crata
403 1927 589 1994 Platonicus
627 1949 693 1992 uon
724 1927 827 1992 solum
860 1927 1018 2011 sophistes
1050 1949 1159 1992 verum
1192 1947 1303 1992 omnes
1334 1927 1419 1992 viros

221 2029 369 2115 politicos
388 2036 420 2096 et
438 2053 549 2097 omnes
568 2036 678 2118 poetas
696 2054 795 2116 aeque
811 2033 957 2109 vexavit,
970 2053 1142 2116 omnesque
1155 2053 1258 2098 mores
1271 2031 1421 2117 vulgares

221 2138 462 2221 quaestionibus
492 2139 677 2224 exagitavit.
712 2137 824 2222 Neque
853 2137 889 2202 in
919 2137 980 2202 hac
1004 2139 1191 2221 quaestione
1214 2138 1418 2223 praetermit-

221 2243 355 2310 tendum
383 2249 431 2308 est
463 2243 589 2310 nullum
612 2245 650 2308 de
674 2244 824 2329 sophistis
848 2246 889 2307 ed
913 2264 972 2308 noe
995 2243 1176 2327 pervenisse
1198 2243 1417 2308 testimoninm
1527 2261 1531 2270 ·

222 2349 284 2414 nisi
306 2351 392 2433 quod
415 2350 456 2414 ab
479 2351 641 2416 acerrimis
664 2349 852 2415 advcmriis
874 2349 1028 2414 traditum
1052 2350 1104 2418 sit.

267 2453 431 2530 Quatenus
450 2461 557 2522 autem
577 2456 799 2543 philosophias
809 2455 1005 2520 studebant?
1019 2453 1089 2520 Duo
1101 2476 1207 2520 eorum
1223 2457 1417 2540 Protagoras

221 2566 254 2626 st
285 2561 422 2646 Gorgiae
453 2563 690 2648 philosophicas
719 2565 955 2646 proposuerunt
979 2562 1159 2638 doctrinas,
1183 2563 1300 2646 quibus
1323 2561 1417 2646 quid-

219 2689 316 2753 quam
348 2689 421 2732 acre
451 2669 525 2734 sciri
555 2690 646 2753 posse
678 2668 851 2751 negabant.
885 2667 1077 2752 Protagoras
1099 2667 1184 2732 enim
1209 2668 1293 2732 hanc
1315 2667 1417 2755 expli·

219 2773 304 2840 cavit
323 2774 515 2840 sententiam
532 2774 608 2863 (vid.
622 2774 706 2842 Plat.
718 2774 882 2841 Theaetet.
897 2794 951 2859 pg.
967 2773 1031 2838 152
1043 2774 1097 2858 h):
1110 2773 1234 2840 anieron
1245 2776 1417 2856 χρημάτων

220 2879 329 2956 μέτρον
359 2877 510 2960 ἄνθρωπον
541 2877 635 2966 εἶναι,
671 2887 729 2946 τῶν
753 2883 810 2957 μὲν
833 2879 922 2946 ὄντων
945 2881 983 2952 ὥς
1010 2879 1095 2958 ἔστι,
1119 2887 1177 2946 τῶν
1202 2881 1234 2946 a
1258 2883 1302 2959 μὴ
1326 2879 1417 2946 ὄντων

220 2985 259 3056 ὥς
284 2986 337 3050 οὐκ
361 2982 439 3062 ἔστι,
464 2987 485 3054 i.
500 3007 547 3053 e.:
570 2984 652 3052 nihil
675 2989 794 3052 certem
816 2986 932 3050 habere
952 2988 1100 3050 naturam
1122 2986 1176 3052 sed
1194 2986 1229 3051 id
1249 3007 1315 3051 esse
1335 2985 1420 3070 quod

220 3091 334 3175 cuique
361 3091 516 3156 videatur.
541 3091 679 3177 Gorgias
702 3091 940 3177 disputaverat:
968 3090 1048 3154 nihil
1073 3110 1146 3155 vere
1169 3111 1252 3166 esse;
1276 3091 1303 3156 si
1326 3091 1419 3176 qnid·

221 3219 318 3281 quam
337 3196 378 3262 sit
397 3198 430 3262 id
449 3203 556 3263 taum
578 3198 728 3282 cognosci
751 3219 816 3263 non
837 3217 945 3281 posse;
970 3196 997 3261 si
1016 3197 1167 3281 cognosci
1179 3197 1299 3280 possit,
1312 3201 1421 3262 tamen

222 3303 367 3368 oratione
390 3303 460 3370 aliis
484 3304 601 3388 exponi
625 3325 691 3368 non
716 3323 818 3388 posse.

271 3408 390 3474 Verum
429 3409 631 3494 philosophia
665 3409 816 3495 sophistis
851 3410 982 3474 minime
1018 3409 1182 3494 proprium
1214 3410 1293 3472 erat.
1330 3407 1422 3474 Nihil

224 3537 392 3582 commune
423 3516 587 3582 habehant
621 3517 682 3582 nisi
713 3517 951 3581 institutionem
979 3515 1168 3598 juventutis.
1211 3512 1293 3589 Quia
1323 3514 1423 3598 igitur

225 3642 292 3686 non
342 3621 429 3687 fuere
474 3621 657 3707 philosophi
703 3623 757 3686 sed
804 3626 1042 3707 praeceptores,
1090 3621 1228 3705 primum
1273 3624 1423 3704 quaestus

224 3746 333 3791 sorum
368 3728 448 3792 nihil
486 3728 564 3811 vile,
602 3728 681 3793 nihil
716 3728 832 3813 abjecti
868 3726 1042 3804 habebat²)
1054 3749 1061 3803 ;
1100 3726 1214 3790 deinde
1250 3725 1422 3792 absurdum

258 3951 286 4014 1)
303 3950 380 4000 zellae
397 3952 487 4000 Groteo
504 3949 633 4014 obloquens
650 3950 673 4011 (1
691 3966 729 4016 pg.
749 3950 814 3999 1004
832 3949 868 3998 ed.
887 3949 915 4012 3)
938 3951 1009 4013 putet
1025 3949 1050 3997 id
1068 3949 1159 4014 ipsum,
1177 3947 1241 4011 quod
1260 3949 1425 4012 praeceptores

222 4031 381 4091 exstiterum,
397 4033 519 4082 declarare
533 4033 644 4096 antiquae
657 4030 763 4081 rationes
776 4031 878 4080 mouri:
899 4030 991 4080 ,Hecu
1006 4045 1061 4081 men
1076 4029 1168 4078 einlech
1180 4029 1222 4078 der
1230 4027 1353 4092 gemeiuen
1363 4029 1425 4078 Sitte

224 4130 253 4164 ru
271 4115 365 4179 fulgen,
381 4131 407 4164 eo
426 4119 505 4164 'iren
525 4114 654 4164 hesondere
671 4113 849 4177 'logendlehrer
867 4112 1031 4172 euthehrlieh,
1046 4112 1115 4176 jeder
1133 4112 1212 4160 erdrde
1231 4127 1276 4160 rou
1294 4109 1367 4160 eelhet
1383 4127 1425 4160 ane

224 4196 279 4246 dem
303 4196 413 4246 Ver-heht
437 4198 483 4248 ruit
505 4197 587 4246 eciucn
607 4195 775 4260 Angehdrigen
793 4195 842 4244 und
861 4194 1002 4245 Behenuten
1021 4193 1104 4244 lernen
1121 4209 1169 4242 aee
1185 4208 1213 4240 cr
1229 4207 1257 4242 aa
1275 4193 1337 4242 thou
1356 4193 1423 4246 Μ’.

225 4277 335 4328 Primum
342 4282 423 4328 eutem
431 4278 551 4344 sophistes
560 4293 608 4328 nou
616 4276 746 4342 seperatim
753 4276 869 4326 virtutem
878 4275 1000 4334 docebant,
1010 4276 1050 4326 eed
1059 4278 1111 4324 eret
1120 4274 1176 4324 heec
1185 4273 1323 4338 paretotine
1331 4274 1427 4324 irretitu-

224 4358 360 4424 tinctaque
369 4360 440 4410 utiles
448 4361 511 4410 cives
520 4360 690 4409 formarentur.
701 4358 794 4408 Deinde
802 4358 929 4423 populeree
937 4357 1005 4407 nulla
1014 4360 1140 4422 parentum
1149 4355 1318 4406 consuetudine
1327 4356 1426 4406 formeri

226 4445 344 4506 potem
363 4443 423 4493 'Pom
441 4442 506 4493 eliud
523 4449 558 4490 eet
572 4440 682 4505 vulgares
697 4455 774 4490 nores
789 4444 878 4488 tenuere
895 4439 976 4504 nequi,
995 4439 1060 4490 alind
1078 4437 1212 4502 intelligere
1228 4453 1301 4502 quere
1314 4437 1427 4504 sequendi

226 4523 289 4582 sint,
307 4524 411 4574 retionee
427 4540 510 4575 eornm
527 4527 662 4590 perspectae
678 4521 777 4580 hebere,
795 4523 870 4586 deque
887 4522 924 4572 hie
940 4529 995 4588 spte
1012 4525 1037 4572 et
1054 4524 1138 4570 ornate
1154 4519 1268 4570 disserere
1287 4536 1360 4588 poree

262 4605 288 4668 t)
305 4606 334 4656 ld
350 4608 413 4670 qnod
433 4607 511 4656 heller
528 4621 623 4670 quoque
639 4604 755 4654 wacedit.
