3408 5360
642 1528 914 1639 PARSL

528 1781 1028 1858 Psosuuomusn

658 2313 845 2398 CAPUT
873 2315 906 2398 I.

598 2547 643 2596 DE
668 2547 847 2595 EURIPIDIS
873 2545 966 2596 v1sA.

229 2711 262 2776 A
285 2711 433 2795 plurimis
446 2714 628 2779 auctoribus
642 2715 809 2800 Euripides
822 2735 886 2800 quo
899 2713 950 2778 die
963 2711 1075 2778 Graeci
1087 2713 1173 2795 apud
1185 2708 1380 2775 Salaminem

184 2817 298 2882 Persas
328 2817 475 2882 vicerunt
504 2819 539 2883 in
562 2820 631 2904 ipsa
654 2820 711 2885 illa
735 2820 840 2885 insula
864 2824 959 2885 natus
982 2839 1049 2883 esse
1071 2816 1274 2902 perhibetur3
1298 2837 1381 2900 qnae

183 2924 372 2988 testimonia
403 2927 511 2990 tamen
533 2927 641 3011 potius
664 2927 834 2992 memoriae
857 2925 1057 3011 adjuvandae
1081 2944 1175 2988 causa
1198 2923 1382 3006 comparata

184 3051 283 3115 quam
307 3031 347 3094 ad
370 3031 536 3096 scientiam
560 3037 741 3097 accuratam
765 3036 877 3098 exacta
888 3053 956 3096 esse
967 3031 1126 3097 videntur.
1151 3028 1381 3112 Deperentum

184 3137 253 3201 eius
272 3136 454 3202 Mnesarchi
477 3137 543 3203 sive
567 3139 797 3204 Mnesarchidis
819 3142 852 3203 et
874 3138 978 3204 Clitus
1001 3157 1118 3222 genere
1140 3139 1174 3200 et
1196 3135 1382 3200 conditione

184 3243 221 3306 in
254 3243 394 3308 diversas
425 3243 491 3308 itur
520 3246 705 3310 sententias.
733 3245 967 3329 Aristophanes
990 3243 1149 3328 ceterique
1172 3242 1285 3307 comici
1307 3263 1380 3325 per·

183 3353 281 3434 petuo
312 3351 454 3415 riserunt
485 3355 619 3416 matrem
652 3353 738 3417 olera
770 3352 1000 3418 venditantern.
1026 3349 1087 3426 Qui
1107 3349 1172 3435 joci
1186 3346 1212 3432 ¹)
1235 3347 1381 3432 quamvis

183 3456 372 3542 plerumque
408 3457 476 3521 sint
507 3457 707 3542 frigidissimi
729 3461 762 3523 et
788 3459 982 3523 democratia
1004 3459 1097 3522 certe'
1110 3455 1248 3539 indigni,
1272 3457 1381 3518 tamen

184 3563 238 3628 rix
269 3563 492 3648 prudentiores
523 3564 611 3629 fuere
642 3565 697 3650 qui
728 3586 799 3628 eum
828 3564 870 3628 ab
893 3564 955 3629 hoc
974 3567 1046 3628 ortu
1070 3560 1161 3648 quasi
1184 3560 1302 3645 probro
1325 3561 1381 3623 de-

181 3667 369 3743 fenderent,
395 3669 660 3755 nobilitatemque
683 3671 713 3734 ei
736 3668 945 3735 vindicarent

233 3773 347 3840 Victus
370 3776 457 3840 enim
481 3776 542 3840 iste
565 3777 677 3840 matris
701 3797 768 3841 non
791 3775 917 3841 videtur
942 3774 1052 3860 negari
1071 3795 1174 3859 posse,
1198 3772 1275 3858 quia
1298 3770 1381 3836 Aris-

181 3880 359 3965 tophanem
396 3880 458 3945 hac
491 3882 529 3946 de
563 3904 597 3946 re
632 3903 767 3968 errasse,
805 3885 862 3946 aut
885 3881 1057 3946 mendaciis
1081 3879 1258 3944 manifestis
1281 3878 1380 3942 risum

179 3987 374 4072 quaesivisse
398 4009 465 4052 uon
491 3988 660 4053 vemsimile
685 3992 744 4054 est.

235 4092 389 4158 Moneute
421 4094 548 4159 oraculo
579 4095 613 4159 in
646 4094 845 4180 gymnastico
868 4095 973 4180 primo
996 4115 1030 4159 se
1051 4093 1227 4160 exercuisse
1248 4093 1282 4154 et
1304 4113 1381 4176 pan·

185 4198 283 4266 oratii
307 4199 472 4264 victoriam
496 4205 671 4286 reportasse
693 4201 819 4268 dicitur.

235 4303 284 4368 At
317 4326 391 4370 mox
423 4307 464 4372 ab
495 4307 556 4374 hac
590 4330 718 4374 aversus
749 4307 859 4374 audire
890 4308 996 4394 coepit
1024 4328 1078 4372 eos
1107 4307 1202 4382 viros,
1225 4304 1281 4390 qni
1304 4307 1383 4370 tunc

184 4411 343 4495 temporis
370 4412 558 4478 eruditionis
580 4415 671 4500 eopia
693 4415 861 4480 florebant.
886 4414 1099 4499 diuexagorae
1122 4411 1156 4476 in
1179 4410 1289 4476 schola
1311 4433 1381 4475 eum

223 4654 252 4718 1)
271 4653 338 4718 Quos
355 4653 407 4702 ride
424 4669 461 4720 ap.
478 4653 575 4706 Nauck:
590 4653 618 4702 de
633 4653 690 4702 Eur.
705 4653 754 4702 rita
770 4649 834 4718 poesi
848 4650 945 4716 ingenio
960 4651 985 4700 iu
995 4647 1106 4700 editionis
1114 4647 1164 4698 eiua
1172 4649 1230 4698 tom.
1242 4647 1262 4696 1.
1273 4663 1304 4712 pg
1323 4647 1378 4697 ΧΗ.
