3418 5356
897 485 939 550 92

321 667 423 754 magia
446 687 576 753 peronne
598 669 647 732 est
669 666 848 752 superbiam
871 665 1165 753 arrogantiamque,
1190 660 1344 730 olariuete
1368 665 1510 730 ostendit

320 775 350 840 ei
380 773 577 860 pereundum
610 794 693 851 esse,
723 773 778 859 qui
801 777 931 839 modum
955 775 1088 838 naturae
1111 771 1271 838 humanae
1293 772 1431 858 positum
1458 793 1511 837 ex·

322 881 414 948 oedut
436 879 501 967 (ni.
528 880 591 944 760
616 880 697 966 sq.):

911 983 994 1060 ὅστις
1018 985 1170 1067 ἀνθρώπου
1194 985 1289 1067 Φύσιν
1391 999 1393 1005 “

412 1153 415 1160 .
474 1165 477 1171 ,
507 1093 657 1172 βλαστὼν
681 1091 789 1159 ἔπειτα
814 1096 858 1172 μὴ
882 1093 954 1159 κατ’
979 1091 1129 1174 ἄνθρωπον
1151 1099 1265 1173 Φρονεῖ.

367 1199 438 1266 Hao
461 1200 607 1285 superbia
629 1200 725 1285 periit
747 1199 830 1266 Aiax
845 1199 887 1288 ¹),
911 1199 1015 1267 Oreon
1038 1202 1193 1286 cognatos
1216 1220 1290 1264 suos
1312 1219 1422 1264 omnes
1440 1220 1513 1284 per·

323 1307 406 1372 didit
424 1306 471 1393 (in
490 1305 686 1392 Antigone),
707 1305 892 1392 Polynioem
912 1312 945 1372 et
964 1307 1126 1372 Eteoolem
1146 1308 1281 1371 mortem
1294 1305 1436 1371 obituros
1448 1325 1514 1370 esse
1537 1395 1540 1400 Ι

323 1415 457 1499 apparet
479 1413 524 1499 (in
551 1412 626 1479 Oed.
652 1411 754 1500 (iot),
780 1435 845 1479 non
865 1435 994 1500 prorsus
1012 1413 1131 1500 injuria
1150 1412 1288 1499 Oedipus
1308 1413 1348 1479 ad
1368 1413 1513 1478 ultimam

323 1519 480 1584 miserum
504 1519 606 1605 redigi
626 1519 752 1586 videtur
770 1521 942 1606 eademque
960 1522 1026 1607 ipse
1046 1542 1152 1586 nasum
1172 1519 1234 1586 eibi
1252 1520 1445 1586 acerbiorem
1464 1520 1516 1585 in-

323 1625 632 1711 tolerabilioremque
654 1626 793 1691 reddidit
805 1624 842 1714 ⁸).

369 1732 534 1818 Antigone
562 1754 706 1819 quoque,
736 1755 778 1798 ne
807 1733 903 1798 nimis
936 1733 1110 1800 offenderet
1136 1733 1227 1819 virgo
1252 1733 1517 1799 innoeentiesima

326 1862 383 1906 sua
408 1839 507 1926 ipsine
530 1841 649 1904 virtute
671 1839 842 1918 interiens,
868 1840 1033 1925 superbior
1056 1840 1182 1925 depieta
1204 1842 1270 1923 est,
1296 1840 1413 1926 quippe
1437 1861 1517 1926 quae

325 1946 434 2011 statim
465 1967 604 2022 sororem
634 1946 780 2011 timidam
811 1946 984 2033 asperrime
1014 1947 1178 2032 increpet,
1201 1949 1235 2011 et
1257 1951 1425 2032 postquam
1448 1944 1517 2031 ipra

326 2054 420 2138 oapta
438 2054 487 2117 est
505 2053 571 2118 eius
590 2075 729 2118 amorem
750 2074 929 2140 novamque
950 2053 1105 2119 moriendi
1116 2051 1336 2118 fortitudinem
1348 2053 1517 2120 crudeliter

321 2163 527 2245 aspernetur,
552 2159 672 2225 seilicet
694 2160 778 2246 quod
801 2160 921 2225 iactum
943 2160 1049 2246 ipsum
1071 2159 1222 2245 perfioere
1243 2160 1458 2227 recusavisset.

372 2266 474 2332 Nemo
497 2267 598 2353 igitur
620 2267 661 2333 ab
684 2267 772 2333 omni
796 2271 887 2354 purte
910 2267 1071 2353 perfectus
1094 2265 1143 2333 vel
1168 2267 1264 2331 etiam
1285 2266 1439 2332 innocens
1464 2287 1517 2332 oo·

326 2373 525 2438 lumitatibus
556 2373 709 2443 obruitur.
742 2372 846 2450 Quare
876 2374 1023 2439 homines
1052 2373 1192 2439 divinam
1212 2372 1372 2458 justitiam
1395 2394 1519 2458 semper

327 2483 508 2565 agnoscunt
538 2484 571 2545 et
601 2481 770 2546 admodum
801 2501 875 2546 raro
906 2481 981 2546 deos
1013 2501 1158 2546 aoousare
1190 2479 1225 2543 in
1257 2480 1398 2545 animum
1422 2478 1519 2544 iudu-

327 2588 464 2674 ount⁸);
498 2609 602 2673 neque
636 2610 769 2674 usquam
803 2587 945 2673 pravitas
978 2609 1086 2653 eorum
1122 2589 1179 2652 aut
1210 2586 1365 2653 discordia
1395 2586 1431 2651 in
1457 2586 1519 2651 ho-

327 2692 450 2757 minum
485 2697 656 2780 oonspeotu
687 2694 826 2779 ponitur.
866 2693 1039 2780 Sophocles
1067 2694 1153 2760 enim
1184 2693 1270 2758 haud
1302 2693 1396 2760 dubie
1429 2693 1517 2759 velut

327 2799 484 2865 Pindarus
513 2800 588 2879 (vid.
620 2821 676 2885 pg.
708 2802 765 2888 87)
797 2801 946 2867 oensebat
974 2824 1075 2888 prava
1096 2805 1129 2868 et
1151 2800 1304 2887 ambigua
1326 2800 1361 2866 in
1385 2803 1517 2867 deorum

527 3051 619 3105 αι’νδὶν
637 3054 673 3104 νδ
691 3052 810 3105 τοίνυν
828 3057 955 3117 μᾶλλον
971 3050 986 3113 t
1004 3050 1128 3117 τούμὸν
1146 3056 1279 3104 σκοπῶν.

527 3137 573 3200 δρῶ
589 3139 639 3202 γὰρ
656 3135 723 3199 ἡμᾶς
741 3135 810 3187 abdiu
825 3135 902 3198 turae
921 3135 987 3188 bauo
1005 3136 1070 3195 πλὴν

527 3217 610 3271 ἄδηλ’
627 3219 725 3283 ὅσονπερ
742 3219 826 3286 (tium
843 3219 858 3278 u
874 3218 966 3284 κούφην
984 3217 1063 3269 σκιάν.

361 3302 388 3369 l)
406 3301 444 3353 Ne
460 3300 540 3354 Aiacis
556 3302 666 3370 snperbia
682 3318 710 3352 ex
726 3302 801 3368 ipsius
817 3302 953 3367 tragoediae
970 3304 1113 3368 argumento
1131 3316 1179 3351 non
1196 3300 1254 3350 satis
1269 3304 1394 3367 sppsreat‚
1413 3316 1521 3352 narre-

327 3389 379 3437 tur
391 3385 443 3450 jam
460 3390 530 3437 autes
546 3387 646 3437 deornm
664 3384 780 3436 auxilium
796 3385 822 3436 in
839 3386 937 3452 proeliis
953 3389 1093 3452 aspernatus
1105 3399 1163 3434 esse.
1180 3383 1283 3434 Mallem
1296 3384 1353 3434 haee
1366 3384 1520 3450 arrogantiae

327 3468 456 3536 speoimins
472 3469 523 3536 ipse
539 3484 649 3535 praesens
666 3467 734 3518 nobis
750 3467 870 3519 edidisset.

361 3553 386 3614 2)
404 3545 467 3602 Nam
484 3552 579 3618 onlpsm
594 3567 661 3602 susm
677 3567 692 3602 a
709 3549 800 3601 Tiresia
815 3550 958 3616 psteiaotsm
975 3549 1045 3616 longe
1061 3549 1140 3614 rejicit
1157 3548 1283 3616 ipsumque
1298 3552 1377 3600 satem
1391 3565 1446 3600 oum
1460 3567 1518 3602 eon·

327 3634 428 3686 tumetis
445 3634 554 3685 dimittit.

360 3718 389 3783 8)
406 3717 551 3767 Philoctetes
572 3719 714 3769 contendens
738 3733 752 3767 s
775 3716 820 3766 diis
842 3730 935 3782 semper
956 3718 1038 3782 turpes
1054 3718 1079 3766 et
1095 3715 1216 3783 improbos
1233 3715 1335 3776 sermri,
1354 3714 1442 3782 probos
1461 3732 1520 3767 vero

327 3803 352 3851 et
364 3799 443 3865 justos
460 3801 490 3850 ad
507 3801 597 3852 Orcum
614 3801 694 3859 mitti,
709 3799 805 3865 subjioit
821 3805 864 3862 (vs.
881 3800 956 3861 4ol):

593 3885 641 3933 ποῦ
657 3883 707 3948 xpi
724 3884 846 3934 alituram
864 3884 967 3940 rutra,
987 3883 1035 3931 ποῦ
1053 3879 1076 3931 δ’
1093 3879 1184 3941 ιιῖνιῒν,
1201 3879 1261 3931 ὅταν

595 3966 630 4016 ab
647 3967 697 4016 bs?
714 3963 819 4016 ἔπαννῶν
835 3966 896 4025 τοὺς
913 3963 986 4024 θεοὺς
1003 3963 1063 4027 supa
1083 3962 1188 4024 κακοόςς

363 4046 453 4113 Hyllus
469 4047 495 4099 iu
510 4049 557 4099 tino
573 4047 755 4100 'i'raobiniarum
771 4050 826 4099 deos
844 4049 965 4115 inerepst,
981 4047 1023 4113 qui
1042 4046 1154 4098 Herculis
1167 4047 1281 4096 immunes
1296 4044 1416 4095 eruciatus
1429 4045 1524 4112 placide

328 4129 461 4196 inspectent
477 4133 601 4197 parentesz

680 4212 716 4262 ad
733 4209 760 4261 di
777 4213 818 4262 utu
834 4209 930 4263 dardr’
946 4211 1033 4275 sinapis
1050 4211 1096 4274 μὶν
1113 4209 1171 4274 ἡμῖν

679 4293 778 4358 αἰσχρὰ
795 4291 817 4344 δ’
835 4291 942 4355 instruar.
975 4311 1007 4346 se.
1026 4294 1079 4346 diis.

364 4377 469 4428 Observa
483 4378 547 4429 buno
564 4379 634 4428 tinem
651 4377 712 4443 (rid.
731 4394 752 4428 ν.
769 4378 884 4430 Leeuwen
898 4394 982 4429 nomm.
1001 4379 1030 4427 de
1045 4377 1109 4428 Aine.
1125 4377 1198 4444 Soph.
1214 4393 1251 4443 pg.
1262 4377 1307 4442 tt)
1321 4379 1446 4442 totumquo
1464 4379 1525 4429 Phi·

330 4459 441 4512 lootetem
458 4476 472 4510 e
488 4461 604 4529 Sophocle
621 4461 707 4512 ultime
724 4464 802 4511 aetate
818 4461 961 4528 compositos
979 4477 1035 4511 esse.
1054 4461 1120 4511 Num
1136 4461 1235 4511 tortasse
1249 4460 1524 4526 hioquoqueorssoeute

328 4543 451 4610 impietate
468 4543 553 4595 leviter
571 4547 651 4596 tsotns
668 4544 733 4594 initi
750 4544 853 4594 Possunt
868 4543 915 4594 bue
929 4560 1023 4610 quoque
1041 4543 1147 4593 mrumst
1161 4543 1199 4594 [tl.
1215 4543 1263 4594 825
1278 4542 1341 4595 ettr.
1351 4543 1424 4610 (spnd
1434 4544 1525 4613 Dind.)

331 4627 388 4690 607,
405 4625 454 4680 dit
472 4642 506 4679 vs.
524 4629 557 4678 14
573 4643 619 4694 sq..
637 4626 676 4678 ubi
692 4627 727 4677 dii
743 4627 856 4678 dionntnr
873 4626 951 4677 amori
967 4626 1078 4676 misum
1096 4642 1144 4677 non
1159 4642 1234 4693 posse.
