3418 5356
775 495 838 560 115

247 673 322 740 Non
334 681 442 741 tamen
455 677 591 743 multum
605 678 753 743 omnibus
765 678 815 743 his
826 679 921 744 rebus
932 679 1137 745 tribuendum
1149 683 1239 765 puto,
1247 663 1399 765 quoniam

204 783 361 849 rarissime
400 784 608 850 divinationis
643 785 760 849 veritas
795 785 922 850 disertis
956 787 1062 852 verbis
1095 788 1334 852 demonstratur
1367 791 1402 852 et

203 887 360 954 laudetur.
396 888 477 954 Tum
503 891 669 955 audiamus
689 895 722 954 et
743 890 877 955 alteram
896 895 1031 976 partem.
1056 891 1164 957 Etiam
1189 915 1206 958 e
1229 893 1399 978 tetralogia

204 992 334 1059 Medeae
352 995 494 1080 proxime
513 999 590 1061 ante
602 996 812 1081 Hippolytum
826 999 919 1062 docta
931 999 1110 1084 exemplum
1125 1002 1303 1064 contemtae
1315 1000 1398 1065 diri·

203 1100 343 1165 nationis
365 1101 549 1167 rettulimus
573 1103 651 1187 (vid.
676 1123 730 1188 pg.
758 1104 824 1189 98)λ
851 1103 890 1168 In
912 1107 1021 1169 eadem
1034 1104 1158 1172 Helena
1169 1107 1397 1192 tragoedia,in

204 1227 266 1290 qua
298 1205 468 1273 Theonoae
499 1209 547 1274 vis
578 1209 687 1274 divina
717 1213 784 1273 tam
808 1209 985 1276 luculenter
1008 1218 1157 1296 apparet,
1183 1213 1277 1277 simul
1300 1234 1398 1298 expo-

204 1313 291 1376 nitur
327 1314 427 1378 totius
458 1314 536 1380 artis
567 1316 711 1399 vanitas,
743 1316 861 1401 quippe
893 1338 974 1401 quoe
1005 1339 1178 1402 numquam
1210 1317 1400 1384 indicaverit

203 1416 359 1482 Helenam
391 1441 458 1484 non
488 1421 522 1485 in
554 1420 649 1485 Troia
680 1424 734 1486 sed
764 1421 798 1485 in
823 1421 973 1508 Aegypto
997 1425 1132 1509 moreri3
1157 1428 1191 1490 et
1213 1424 1275 1490 hoc
1297 1425 1398 1490 multo

204 1523 323 1588 maiore
355 1525 386 1590 vi
417 1530 450 1589 et
468 1530 614 1610 'pondere
638 1531 770 1591 notatur
792 1549 889 1626 quam
914 1529 1037 1612 quoties
1059 1529 1187 1594 oracula
1210 1533 1281 1595 rato
1296 1530 1397 1596 liunt.

203 1629 379 1695 Audiamus
413 1631 517 1716 ipsum
554 1631 703 1695 nuntium
738 1633 958 1712 (744-757):
995 1633 1079 1700 >Sed
1114 1635 1270 1721 perspicio
1301 1659 1397 1723 qnam

202 1757 284 1800 rana
316 1740 350 1800 et
380 1740 516 1802 mendax
546 1738 590 1802 sit
620 1741 729 1803 vatum
753 1761 813 1803 ars.
846 1738 937 1804 Nihil
960 1760 1036 1825 ergo
1060 1763 1173 1805 sunum
1197 1745 1265 1806 erat
1288 1763 1397 1806 earum

202 1863 305 1907 rerum
333 1865 412 1928 ques
434 1843 563 1908 flamma
585 1844 636 1908 vel
660 1844 767 1908 avium
791 1848 905 1910 cantus
928 1847 1150 1933 praedicebat;
1174 1848 1290 1913 etenim
1315 1847 1397 1912 stul-

201 1952 268 2013 tum
300 1953 349 2013 est
371 1954 499 2033 putasse
521 1971 594 2015 aves
618 1949 803 2014 hominibus
826 1951 984 2035 prodesse.
1011 1951 1146 2019 Calchas
1168 1953 1253 2018 enim
1278 1954 1397 2018 amicos

201 2055 303 2138 perire
327 2055 437 2120 videns
461 2056 562 2120 tacuit
584 2077 686 2140 neque
708 2056 865 2122 indicavit
889 2079 942 2122 eos
965 2080 1024 2142 pro
1048 2058 1165 2123 nebula
1185 2065 1319 2124 mortem
1339 2081 1397 2144 op·

200 2165 308 2244 petere
321 2159 364 2247 ¹);
396 2184 454 2227 uec
485 2161 626 2227 Helenus
656 2157 691 2225 id
720 2162 815 2240 fecit,
846 2167 899 2228 sed
931 2164 1051 2229 frustra
1084 2165 1158 2230 urbs
1189 2169 1315 2231 vastata
1338 2171 1396 2230 est.

200 2263 296 2331 Dicas
326 2267 400 2352 quia
432 2268 509 2332 deus
537 2266 672 2331 indicari
695 2264 886 2354 noluerit²);
911 2269 988 2353 quid
1013 2289 1090 2353 ergo
1113 2270 1147 2333 in
1171 2273 1320 2354 portenta
1341 2271 1394 2334 in-

200 2371 380 2455 quirimus?
403 2372 538 2458 Oportet
560 2394 620 2437 uos
642 2373 702 2437 diis
725 2374 928 2439 immolantes
951 2374 1058 2440 fausta
1080 2375 1244 2460 flagitare,
1268 2376 1393 2441 divina-

198 2477 319 2542 tionem
342 2500 417 2543 vero
440 2479 638 2563 relinquere3
662 2479 782 2543 frustra
805 2479 883 2545 haec
905 2481 990 2545 vitae
1009 2481 1159 2546 illecebra
1178 2482 1310 2547 inventa
1328 2488 1392 2568 est3

201 2603 294 2648 nemo
324 2584 415 2668 piger
445 2585 513 2649 sola
542 2605 704 2649 sacrorum
728 2586 949 2652 observatione
971 2588 1058 2653 dives
1081 2592 1130 2652 est
1152 2587 1266 2653 factus.
1298 2587 1392 2652 Ratio

199 2687 383 2774 bonumque
412 2691 579 2756 consilium
612 2692 753 2775 optimus
776 2697 825 2757 est
847 2693 969 2759 vacesf’
982 2695 1009 2780 ⁸)
1044 2692 1120 2759 Non
1145 2694 1214 2760 leve
1236 2695 1393 2779 estquod

200 2794 314 2860 chorus
344 2817 470 2882 quoque
501 2796 585 2862 hanc
615 2799 807 2863 sententiam
839 2799 998 2883 approbat
1029 2799 1080 2864 his
1103 2800 1225 2866 verbis:
1250 2821 1331 2885 »ego
1356 2804 1394 2866 de

197 2901 324 2965 vatibus
346 2903 479 2967 omnino
502 2904 568 2968 seni
594 2905 778 2982 consentio;
805 2905 902 2989 siquis
926 2907 1001 2971 deos
1022 2906 1179 2991 propitios
1198 2907 1260 2972 sibi
1279 2907 1393 2982 habet,

197 3005 323 3070 ridetur
342 3009 495 3092 optimam
516 3009 747 3073 divinationem
769 3009 918 3076 habere.¹’
939 3009 1030 3075 Duae
1043 3015 1206 3096 praeterea
1217 3012 1396 3076 sententiae

198 3115 358 3178 notandae
381 3135 447 3178 eme
470 3115 628 3179 ridentur.
653 3113 780 3179 Electra
804 3116 851 3200 (in
876 3135 970 3200 cogn.
994 3116 1061 3181 fab.
1087 3116 1152 3181 399
1176 3118 1238 3202 sq.)
1261 3117 1360 3183 dicit:

801 3220 912 3299 Λοξίου
937 3222 1000 3302 γὰρ
1026 3221 1151 3300 ἔμπεδοι

422 3327 576 3409 χρησμοὶ,
601 3327 715 3405 βροτῶν
738 3325 770 3390 δὲ
794 3331 945 3402 μαντικὴν
969 3331 1091 3410 χαίρειν
1114 3329 1162 3392 ἐῶ.

244 3430 302 3496 Ion
322 3436 427 3497 eutem
450 3433 588 3498 ostendit
609 3432 657 3518 (in
680 3453 773 3516 cogn.
794 3432 857 3496 fob.
883 3432 1072 3512 eet-367,
1086 3435 1278 3519 soe-377)
1291 3434 1394 3520 Apol-

200 3537 295 3602 linem
322 3560 497 3623 numquam
521 3537 756 3623 patefacturum
777 3561 844 3605 esse
864 3541 948 3624 quod
968 3540 1029 3624 ipsi
1049 3540 1191 3605 dedecori
1212 3540 1272 3618 sit,
1293 3562 1395 3625 neque

200 3642 343 3709 homines
367 3645 520 3710 sciscitari
543 3645 656 3709 debere
678 3645 764 3729 quod
784 3644 842 3710 ille
862 3646 999 3711 celatum
1020 3645 1106 3712 velit.

784 3895 852 3949 ,οὐδ’
868 3894 978 3962 icimur
994 3903 1095 3963 στρατῷ

523 3979 627 4043 rupitne
644 3980 704 4044 lim
722 3979 871 4040 θνήσκοντας
889 3981 987 4044 εἰσορῶν
1004 3982 1118 4045 clance?

230 4063 292 4126 Ergo
310 4063 447 4126 agumoitur
465 4063 619 4113 divinationis
635 4064 793 4130 principium
813 4081 899 4130 nempe
913 4066 1050 4114 conceditur
1065 4071 1156 4126 ratem,
1172 4067 1259 4132 quippe
1274 4067 1393 4117 ridentem

196 4143 283 4192 emices
307 4159 351 4209 pro
376 4144 462 4194 nebula
486 4143 561 4200 mori,
584 4145 693 4194 veritatis
715 4161 761 4194 non
786 4146 897 4210 ignarum
924 4146 1010 4198 tuine:
1027 4147 1093 4212 atqui
1110 4147 1134 4197 id
1156 4147 1254 4197 nuntius
1269 4149 1394 4198 manifeste

197 4237 307 4288 uegetum
329 4225 414 4276 voluit.
441 4228 522 4291 Quare
544 4231 649 4291 praestat
668 4227 806 4293 explicatio,
826 4243 898 4292 quem
914 4229 939 4278 in
958 4232 1070 4279 contextu
1088 4231 1167 4295 posui;
1188 4230 1207 4278 si
1225 4235 1304 4281 tamen
1322 4231 1394 4280 verbs

196 4305 230 4354 ita
245 4307 306 4358 verti
324 4317 458 4374 nequeunt,
477 4307 671 4371 interrogationis
688 4309 783 4372 signum
802 4314 856 4374 post
872 4325 894 4358 v.
914 4309 962 4362 tel
981 4311 1115 4375 ponendum
1130 4310 1238 4366 videtur.
1253 4311 1288 4360 ita
1304 4315 1330 4362 nt
1344 4316 1394 4362 tres

199 4387 234 4438 illi
251 4405 334 4440 verena
350 4392 405 4440 icto
422 4390 494 4440 alicui
509 4389 677 4440 interluenteri
695 4389 844 4442 tribuentur.

228 4470 256 4536 2)
275 4472 348 4522 Hunc
364 4488 408 4532 va,
424 4488 495 4538 quem
512 4470 576 4522 delet
594 4471 710 4532 Cebetas,
731 4473 822 4523 servari
839 4471 929 4523 malim.

232 4553 259 4620 8)
276 4553 311 4604 Oi.
330 4553 359 4604 ir.
378 4555 423 4605 inc.
441 4555 503 4605 itt:

493 4635 585 4699 μάντις
605 4634 627 4684 δ’
646 4635 749 4697 lipcevec
766 4635 837 4696 ὅστις
853 4635 949 4702 εἰκάζοι
964 4643 1053 4698 καλᾶς.
