3422 5362
780 445 843 512 las

212 631 334 698 babent
351 629 445 715 jus;”
469 627 563 715 (434)
571 617 587 694 τ’
606 613 705 696 »divis
723 630 875 696 humilior
893 627 1105 715 potentiorem
1128 627 1229 692 vincit
1246 615 1273 693 si
1292 611 1395 696 stata

213 741 304 824 purte
329 725 427 823 juris;
460 736 538 801 haec
568 757 694 822 quoque
726 740 776 802 est
797 737 927 803 libertus
950 735 1036 822 qnod
1061 736 1209 821 rogatur:
1235 735 1306 820 quis
1330 735 1400 801 vult

214 842 380 910 eonsilium
404 841 482 907 utile
504 841 694 926 reipublicae
716 843 751 909 in
775 844 915 916 medium
938 841 1103 928 proferro?
1134 840 1227 916 Quod
1250 840 1305 927 qui
1329 842 1400 906 vult

215 949 405 1036 conspicuus
428 950 493 1027 est,
516 949 572 1033 qui
595 970 662 1015 non
687 950 757 1015 vult
779 953 873 1018 tacet.
901 948 984 1026 Quid
1007 948 1058 1013 his
1080 947 1204 1014 civitati
1226 947 1402 1032 aequinsl”

214 1054 381 1140 Euripides
399 1055 500 1140 igitur
517 1053 745 1139 rempublicam
764 1055 938 1122 Periclem
950 1055 1093 1120 omnium
1106 1053 1242 1119 maxime
1253 1053 1401 1139 probarit

214 1165 247 1228 et
274 1162 369 1228 etiam
390 1165 562 1247 postquam
584 1161 721 1228 Pericles
744 1166 888 1228 mortuus
911 1167 959 1228 est
980 1183 1052 1227 eam
1075 1160 1264 1246 celebravit,
1288 1183 1398 1247 quem-

216 1268 385 1334 sdmodum
407 1267 536 1333 fabulae
558 1290 654 1353 snpra
680 1269 796 1334 citatae
819 1270 1003 1336 ostendunt.

259 1373 343 1440 Sunt
363 1374 419 1459 qui
442 1374 641 1440 contendant
664 1397 737 1440 eum
760 1379 871 1461 postea
894 1373 1069 1441 Alcibiadis
1093 1363 1279 1440 sectatorem
1303 1375 1400 1441 exsti-

215 1481 304 1558 tisse,
325 1479 379 1545 sed
398 1481 503 1546 nescio
521 1503 565 1546 an
583 1479 708 1546 nullum
728 1482 822 1547 huius
841 1482 1002 1568 opinionis
1021 1484 1244 1566 argumentum
1263 1481 1402 1547 inveniri

215 1587 315 1674 possit
348 1591 474 1672 praeter
504 1586 674 1672 epinioinm
705 1610 768 1673 quo
799 1588 973 1654 Alcibiadis
1004 1587 1170 1652 victoriam
1202 1585 1403 1672 Olympicam

214 1694 385 1761 celebravit
397 1689 433 1780 ¹).
470 1692 561 1770 Quod
591 1695 677 1759 enim
708 1693 817 1760 foedus
849 1717 921 1759 cum
955 1693 1103 1779 Argivis.
1134 1693 1222 1758 cuius
1253 1693 1402 1779 princeps

215 1806 326 1867 auctor
345 1799 407 1866 fuit
426 1798 624 1886 Alcibiades,
647 1801 883 1867 commendavit
901 1801 936 1866 iu
947 1799 1149 1886 Supplicibus
1162 1800 1202 1885 (si
1214 1800 1308 1864 modo
1319 1799 1404 1865 idem

215 1907 326 1972 foedus
344 1906 467 1992 agitur,
488 1906 550 1973 rid.
571 1927 624 1992 pg.
648 1908 689 1971 12
710 1911 777 1975 not.
803 1909 854 1995 2),
876 1908 909 1972 id
929 1928 995 1972 non
1016 1928 1141 1972 necesse
1162 1909 1297 1971 osteum
1318 1904 1404 1971 Alci·

215 2013 317 2078 bladis
347 2013 451 2098 gratia
482 2011 600 2078 fecisse.
637 2013 720 2078 Tum
752 2018 935 2100 reputemus
966 2017 1164 2099 quantopere
1194 2011 1313 2078 bellum
1337 2033 1403 2077 non

217 2119 391 2186 necessario
419 2122 600 2205 susceptum
631 2120 809 2206 improbet3
837 2120 1010 2186 Adrastum
1034 2120 1178 2185 enimin
1202 2117 1404 2204 Supplicibus

217 2226 418 2293 vehementer
438 2226 584 2310 increpat
605 2225 745 2292 Theseus
768 2235 807 2306 (v.
834 2227 910 2306 232)
933 2227 1018 2313 quod
1042 2227 1075 2290 id
1099 2225 1211 2291 fecerit

419 2330 493 2402 υίοις
516 2333 709 2416 ταραχθεὶς,
733 2330 838 2406 οἵτινες
862 2333 1027 2412 τιμώμενοι

418 2439 580 2521 χαίρουσι,
603 2440 756 2518 πολέμους
779 2443 809 2505 τ’
833 2440 997 2517 οὐξοίυουσ·
1022 2439 1096 2506 ἄνευ
1119 2439 1221 2517 δίκης,

421 2545 600 2626 Φίείρυυτες
624 2547 754 2626 οἰστοὺς,
780 2548 793 2613 ὃ
816 2548 874 2626 μὲν
897 2544 976 2620 ὅπως
1000 2556 1224 2628 στρατηλατῇ,

422 2653 436 2718 ί
460 2653 488 2717 δ’
510 2653 548 2722 ὥς
572 2651 677 2735 ὑβρίζρ
699 2653 830 2731 δύναμιν
854 2655 885 2727 ἐρ
908 2662 1020 2735 χοῖρος
1044 2652 1172 2732 aedas,

427 2756 523 2832 ἄλλος
548 2759 579 2824 δὲ
602 2758 721 2838 κέρδους
745 2758 859 2848 οὕνεκ’,
885 2763 939 2828 οὐκ
962 2761 1146 2828 οίτοοιοοτῶυ

419 2867 455 2932 τί
480 2868 592 2939 πλῆθος
617 2865 646 2932 εί
666 2891 697 2932 τι
721 2867 909 2944 βλάπτεται
934 2867 1061 2950 retexes
1084 2867 1170 2935 τοίδε.

260 2970 377 3038 Nonne
407 2971 484 3037 baec
513 2973 620 3057 potius
643 2973 781 3039 eiusdem
806 2973 982 3040 Alcibiadis
1007 2996 1110 3039 acrem
1135 2973 1402 3059 vituperationem

216 3077 377 3144 continere
405 3079 571 3155 videntur,
601 3079 658 3164 qui
692 3100 729 3144 eo
755 3081 824 3167 ipso
857 3085 1000 3166 tempore
1031 3102 1113 3147 nova
1145 3081 1229 3146 bella
1255 3081 1405 3166 pararet?

214 3182 319 3250 Etiam
341 3208 370 3251 v.
393 3186 573 3252 480-493
593 3185 733 3252 eiusdem
750 3185 876 3252 fabulae
888 3187 1007 3252 bellum
1021 3186 1233 3272 improbavit,
1247 3185 1292 3251 ait
1303 3185 1405 3252 enim:

217 3291 415 3377 negligentes
438 3292 524 3357 bona
546 3292 632 3378 pacis

908 3403 935 3469 οί
958 3401 1046 3467 saxol

420 3505 573 3585 τολέμους
597 3507 824 3586 &sanctuaria
847 3508 900 3574 sal
925 3507 976 3575 τὸν
999 3507 1113 3585 irrora

419 3613 595 3691 δουλούμεθ’
617 3611 722 3693 ἄνδρες
744 3611 839 3693 ἄνδρα
864 3615 918 3680 κοί
942 3614 1031 3686 adare
1056 3613 1143 3680 πίλου
1158 3615 1194 3700 ²).

260 3719 334 3786 Non
364 3721 464 3807 igitur
494 3720 664 3787 verisimile
694 3723 744 3787 est
773 3743 845 3787 eum
878 3721 1038 3788 Alcibiadi
1059 3720 1256 3807 aliquamdiu
1279 3719 1405 3786 favisse.

251 4020 279 4085 l)
302 4019 367 4070 Mihi
389 4019 454 4070 sain
476 4017 589 4068 Schenkl.
609 4017 666 4082 (Die
681 4017 749 4084 polit.
768 4018 956 4084 Auscbsuongen
974 4019 1014 4068 des
1030 4019 1073 4078 n,
1090 4035 1129 4085 pg.
1147 4019 1179 4070 tt
1196 4017 1291 4082 sanct.)
1308 4015 1406 4066 minime

218 4103 342 4168 penusdst
359 4101 397 4152 his
412 4102 551 4168 Supplicum
568 4101 674 4150 versibus
690 4102 750 4162 (leo
767 4101 831 4166 sqq.)
847 4101 993 4151 Alcibiadem
1009 4101 1152 4166 siguidcsri:

917 4181 959 4232 rai
976 4185 1071 4233 νεανίαν

516 4263 574 4329 ’ίχοο
592 4281 621 4315 rr
638 4263 736 4328 eoam
755 4261 856 4315 irtadr·
874 4257 902 4314 sd
919 4265 994 4332 χρείᾳ
1011 4267 1097 4324 πίλοις

516 4346 612 4398 πολλοὶ
628 4345 744 4398 desitura·¹
761 4343 850 4406 ίνδιοίς
867 4347 1055 4410 στρατηλάτου.

248 4431 276 4496 2)
297 4433 333 4482 Gi.
356 4431 429 4483 etism
453 4431 509 4482 Tro.
529 4431 579 4480 ⁴⁰0
597 4430 802 4496 pulcerrimusque
819 4431 921 4495 hymnus
937 4431 963 4481 in
979 4446 1060 4498 pscsru
1078 4430 1103 4480 in
1122 4429 1221 4495 Cresph.
1239 4429 1269 4478 tr.
1286 4429 1344 4481 402.
1371 4431 1406 4480 Ds

212 4513 268 4564 belli
282 4513 379 4565 ducibus
394 4514 481 4565 nobilis
495 4517 530 4562 est
545 4511 570 4562 iu
589 4511 724 4563 Phoenissis
738 4513 873 4590 octonarius
889 4513 960 4588 (599)
974 4511 1003 4564 ab
1019 4515 1126 4578 Augusto
1135 4511 1403 4578 muenurlsndstmt

446 4595 565 4660 ἀσφαλὴς
582 4594 631 4658 γάρ
649 4591 705 4646 irr'
723 4595 827 4658 ἀμοίνυυ
844 4595 859 4652 ἰ)
877 4595 967 4658 δροοίς
984 4595 1170 4658 στρατηλάτης.
