3418 5356
786 462 829 528 80

213 665 283 710 eum
314 642 449 728 cogebat
479 646 627 709 naturam
646 645 692 710 'et
713 645 880 711 veritatem
902 653 1007 731 preste
1037 645 1144 732 sequi,
1173 631 1289 711 lerre'as‘
1312 643 1401 730 leges

212 750 327 836 quibus
349 771 400 816 res
416 749 575 824 humanae
594 750 861 817 administrantur
881 752 999 818 maiore
1020 751 1053 818 ri
1072 751 1265 820 inculcabat.
1288 750 1402 838 Neque

213 857 461 923 obliviscendum
490 860 539 922 est
569 879 639 922 eum
671 859 816 942 quamvis
846 859 987 938 tardam,
1013 861 1213 925 constantem
1236 862 1345 924 tamen
1369 860 1404 924 et

213 966 332 1030 certam
354 964 510 1030 rationem
535 963 677 1030 humana
700 964 778 1030 vitia
800 965 972 1032 ulciscendi
996 965 1057 1031 diis
1081 965 1274 1031 attribuisse.

259 1070 364 1136 Venio
384 1071 454 1156 jam
476 1073 516 1136 ad
538 1071 649 1156 poesin
667 1071 842 1156 tragicam,
862 1093 943 1156 quae
963 1071 998 1137 in
1016 1073 1126 1137 eadem
1139 1072 1205 1137 fere
1216 1071 1403 1138 versabatur

215 1177 407 1244 conditione.
441 1176 528 1244 Nam
556 1199 656 1263 quum
676 1178 803 1263 justitia
826 1179 936 1244 divina
957 1178 1149 1245 illustranda
1171 1183 1254 1244 esset
1278 1179 1401 1244 casibus

216 1305 344 1364 eorum,
374 1285 431 1370 qui
457 1284 686 1350 severissimam
710 1307 779 1350 earn
803 1285 926 1371 experti
948 1288 1070 1363 esseut,
1094 1284 1165 1350 fieri
1187 1306 1253 1350 non
1276 1287 1403 1370 poterat

215 1391 293 1478 quin
324 1390 369 1456 dii
399 1391 542 1457 duncres
571 1391 737 1476 prodirent
768 1393 801 1456 et
831 1392 1031 1460 crudeliores.
1056 1390 1147 1468 Quod
1171 1414 1271 1478 quum
1294 1391 1403 1477 utique

215 1496 250 1562 iu
284 1497 373 1583 poesi
401 1497 525 1584 tragica
555 1497 658 1562 vitatu
687 1496 846 1563 difficilius
877 1502 959 1563 esset
987 1519 1085 1583 qnam
1116 1499 1151 1562 iu
1174 1497 1262 1583 poesi
1284 1497 1403 1583 lyrica,

215 1607 283 1669 tum
317 1602 555 1689 Aeschylus
589 1625 656 1668 nou
686 1603 721 1668 in
749 1625 858 1669 eornm
885 1606 955 1670 erat
976 1625 1125 1684 numero,
1146 1603 1202 1690 qni
1226 1604 1350 1669 lubrica
1372 1606 1406 1670 et

216 1709 367 1796 ambigua
384 1711 419 1775 iu
439 1709 570 1776 deorum
590 1712 707 1776 natura
726 1713 759 1775 et
778 1711 933 1798 regimine
952 1710 1237 1796 praetermittenda
1256 1710 1307 1775 vel
1326 1730 1405 1775 con·

217 1818 301 1882 sulto
324 1818 458 1884 celanda
474 1822 654 1896 censerent;
675 1839 784 1883 verum
804 1816 917 1883 audaci
933 1817 1065 1903 ingenio
1084 1817 1262 1903 praeditus,
1283 1816 1405 1882 studio·

218 1945 331 2010 nmque
349 1924 563 2010 cognoscendi
580 1945 686 1989 rerum
705 1924 846 1990 rationes
867 1963 910 1974 -
929 1924 1100 2006 Φιλόσοφος
1121 1931 1180 1989 τῶν
1202 1923 1300 2003 πάνυ,
1313 1925 1351 1988 ut
1360 1923 1407 1988 ait

218 2028 401 2096 Athenaeus
420 2029 526 2117 (VIII.
539 2052 571 2116 p.
587 2031 651 2096 347
665 2030 722 2116 Ε),
739 2069 780 2080 -
794 2029 981 2097 difficillima
993 2053 1136 2117 quaeque
1147 2030 1405 2116 aggrediebatur.

218 2137 257 2203 In
280 2138 390 2223 paucis
409 2141 516 2203 tamen
534 2137 667 2221 fabulis,
688 2160 770 2223 quae
788 2161 805 2203 e
823 2142 915 2203 tanto
936 2160 1068 2204 numero
1087 2142 1223 2204 aetatem
1244 2137 1406 2215 tulerunt,

218 2265 323 2312 secum
352 2246 533 2331 pugnantia
559 2245 700 2311 indicare
724 2245 848 2311 facilius
871 2249 920 2312 est
941 2267 1039 2331 quam
1062 2247 1181 2311 certam
1205 2242 1406 2329 disciplinam

217 2351 256 2416 ad
278 2373 375 2436 quam
398 2352 507 2417 omnia
528 2351 716 2418 referantur.

262 2455 362 2544 Saepe
392 2462 621 2524 commemorat
642 2458 703 2524 fati
724 2459 943 2526 necessitatem
965 2458 1131 2526 invictam.
1153 2457 1194 2524 In
1217 2454 1407 2523 Prometheo

218 2561 343 2648 Jupiter
369 2586 436 2630 non
467 2566 570 2630 solnm
602 2565 669 2630 eius
700 2565 833 2651 imperio
862 2565 1023 2651 subjectus
1045 2567 1111 2644 est,
1135 2563 1307 2630 sedetiam
1330 2561 1408 2649 quid

220 2669 359 2738 futurum
395 2672 437 2736 sit
458 2671 588 2757 ignorat
618 2674 651 2736 et
674 2693 714 2738 ne
737 2675 848 2758 suapte
869 2672 997 2758 quidem
1021 2673 1054 2738 vi
1076 2671 1193 2738 mentis
1218 2690 1409 2755 cognoscere

220 2781 334 2862 potest
356 2775 554 2864 Ambiguum
578 2779 705 2845 ridetur
727 2801 770 2844 au
794 2779 970 2866 Aeschylus
989 2779 1097 2844 omnia
1116 2777 1186 2844 fato
1201 2775 1408 2862 fiericredat3

220 2884 380 2970 perspexit
409 2886 521 2951 saltem
549 2908 646 2971 quam
681 2886 724 2951 sit
754 2884 881 2953 difficile
912 2890 1059 2952 accurate
1090 2885 1222 2951 definire
1252 2887 1409 2971 quantum

220 2989 267 3054 illi
285 2991 328 3056 sit
344 2990 568 3071 tribuendum,
585 2995 744 3079 quantum
755 2992 874 3058 liberae
884 2992 1052 3058 hominum
1064 2991 1235 3057 voluntati.
1248 2989 1409 3076 Clytaem-

221 3102 328 3164 nestra
350 3098 499 3164 lacinoris
521 3099 571 3166 sni
590 3102 717 3185 culpam
737 3104 770 3165 et
790 3101 1013 3166 auctoritatem
1033 3098 1157 3166 confert
1177 3099 1213 3165 in
1232 3104 1340 3177 μοῖραν
1360 3095 1410 3161 vel

223 3204 352 3284 δαίμονα
387 3203 543 3292 (Ohoeph.
575 3207 659 3286 910,
681 3206 798 3292 Agam.
825 3207 921 3273 1475.
936 3214 1036 3293 sqq),
1061 3210 1094 3272 et
1117 3206 1213 3272 etiam
1236 3203 1352 3271 chorus
1373 3201 1410 3267 in

222 3313 358 3378 maxima
377 3315 522 3380 versatur
541 3312 741 3379 dubitatione
758 3335 852 3398 quern
865 3313 1064 3399 potissimum
1075 3313 1170 3378 hnius
1181 3311 1286 3378 caedis
1298 3311 1410 3376 aucto·

222 3439 287 3484 rem
310 3418 445 3503 habeat,
465 3416 752 3504 Clytaemnestram
772 3442 814 3484 au
836 3419 945 3487 divum
963 3419 1100 3506 aliquem
1121 3418 1198 3504 (Ag.
1221 3417 1321 3484 1481.
1341 3437 1410 3501 sqq.

225 3524 309 3590 1505
325 3547 396 3611 sqq.
418 3525 506 3591 1530
517 3527 603 3612 sqq.)
624 3524 749 3592 Scelere
768 3526 957 3612 malaqneiu
973 3525 1196 3612 Pelopidarum
1208 3525 1412 3609 domoqunm

222 3636 316 3716 poeta
338 3631 510 3718 perspiciat
532 3630 673 3698 naturali
694 3633 833 3717 quadam
854 3633 1060 3720 colligatione
1077 3636 1224 3698 conserta
1243 3630 1411 3697 contexta·

224 3759 284 3824 que
305 3739 464 3817 evenisse,
487 3739 521 3803 id
543 3740 630 3824 quod
652 3737 835 3806 Herodotus
857 3740 1106 3826 superstitiosius
1122 3735 1413 3827 repetitarumine

224 3842 331 3909 divino
359 3867 459 3929 usque
481 3846 523 3909 ad
544 3843 694 3930 quintum
718 3865 820 3926 genus
843 3847 996 3912 scelernm
1021 3846 1166 3924 vindice,
1189 3846 1258 3930 ipse
1280 3843 1411 3910 confuse

223 3954 349 4016 revocat
370 3952 411 4016 ad
430 3951 588 4036 justitiam
609 3951 750 4016 divium
770 3957 803 4017 et
822 3973 949 4018 causam
969 3953 1259 4037 naturalem,qnae
1271 3949 1412 4016 efficiant

222 4060 260 4121 ut
286 4077 429 4142 qumque
461 4057 571 4123 caedes
598 4077 701 4122 novae
724 4057 829 4123 caedis
853 4058 1111 4124 consecutionem
1133 4057 1168 4122 in
1192 4078 1225 4122 se
1247 4054 1366 4121 habeat
1379 4062 1412 4136 ¹).

224 4160 291 4229 Nec
319 4186 386 4230 uon
414 4163 574 4250 Erinnys,
607 4167 705 4250 'quam
727 4163 906 4231 facinorum
928 4165 1087 4232 vindicem
1109 4163 1222 4250 fingit,
1245 4161 1412 4248 principiis

224 4268 331 4336 divino
353 4275 387 4338 et
408 4273 548 4338 naturali
570 4275 718 4339 concreta
738 4277 771 4339 et
792 4273 891 4340 mixta
914 4273 1041 4340 videtur
1064 4270 1219 4362 (Ohoeph.
1244 4271 1322 4352 loo,
1347 4270 1412 4338 650

227 4433 416 4454 ..α-...ῥα-

257 4524 287 4588 1)
300 4524 395 4576 orata
408 4541 503 4592 quoqne
517 4525 719 4591 Clytaemestrae
733 4527 810 4578 tatum
822 4527 930 4592 culpenti
944 4527 1064 4594 (Cbeeph.
1081 4525 1156 4592 olom
1174 4522 1189 4584 0
1206 4527 1286 4590 Μοῖρα
1300 4523 1413 4584 τούτων,

226 4597 357 4662 deluso.
374 4607 496 4667 παραιτία
511 4611 566 4675 epte
582 4609 721 4676 respondet:
738 4606 782 4660 sal
797 4607 869 4660 aar·
885 4609 968 4661 enea
982 4610 1054 4673 Μ’
1070 4605 1201 4673 letnme
1217 4610 1296 4674 pedm.
