<?xml version="1.0" encoding="UTF-8"?>
<!DOCTYPE html PUBLIC "-//W3C//DTD XHTML 1.0 Transitional//EN"
    "http://www.w3.org/TR/xhtml1/DTD/xhtml1-transitional.dtd">
<html xmlns="http://www.w3.org/1999/xhtml" xml:lang="en" lang="en">
 <head>
  <title>
</title>
<meta http-equiv="Content-Type" content="text/html;charset=utf-8" />
  <meta name='ocr-system' content='tesseract 3.04.00' />
  <meta name='ocr-capabilities' content='ocr_page ocr_carea ocr_par ocr_line ocrx_word'/>
</head>
<body>
  <div class='ocr_page' id='page_1' title='image "./commentatiodeeu00berlgoog_0100.png"; bbox 0 0 3418 5356; ppageno 0'>
   <div class='ocr_carea' id='block_1_1' title="bbox 807 499 849 567">
    <p class='ocr_par' dir='ltr' id='par_1_1' title="bbox 807 499 849 567">
     <span class='ocr_line' id='line_1_1' title="bbox 807 499 849 567; baseline -0.024 0"><span class='ocrx_word' id='word_1_1' title='bbox 807 499 849 567; x_wconf 87' lang='lat'><strong>85</strong></span> 
     </span>
    </p>
   </div>
   <div class='ocr_carea' id='block_1_2' title="bbox 230 667 1485 4075">
    <p class='ocr_par' dir='ltr' id='par_1_2' title="bbox 230 667 1485 1730">
     <span class='ocr_line' id='line_1_2' title="bbox 235 667 1420 770; baseline 0.001 -24"><span class='ocrx_word' id='word_1_2' title='bbox 235 679 282 760; x_wconf 88' lang='lat' dir='ltr'><strong>(ll.</strong></span> <span class='ocrx_word' id='word_1_3' title='bbox 313 679 374 748; x_wconf 92' lang='grc' dir='ltr'><strong>ΙΙΙ.</strong></span> <span class='ocrx_word' id='word_1_4' title='bbox 404 667 606 770; x_wconf 76' lang='lat' dir='ltr'><strong>ess-417).</strong></span> <span class='ocrx_word' id='word_1_5' title='bbox 640 679 822 751; x_wconf 78' lang='lat' dir='ltr'><strong>Cavendum</strong></span> <span class='ocrx_word' id='word_1_6' title='bbox 853 688 961 750; x_wconf 90' lang='lat' dir='ltr'><strong>tamen</strong></span> <span class='ocrx_word' id='word_1_7' title='bbox 995 687 1044 750; x_wconf 89' lang='lat' dir='ltr'><strong>est</strong></span> <span class='ocrx_word' id='word_1_8' title='bbox 1073 705 1114 750; x_wconf 89' lang='lat' dir='ltr'><strong>ne</strong></span> <span class='ocrx_word' id='word_1_9' title='bbox 1145 683 1229 749; x_wconf 89' lang='lat' dir='ltr'><strong>banc</strong></span> <span class='ocrx_word' id='word_1_10' title='bbox 1263 683 1420 748; x_wconf 87' lang='lat' dir='ltr'><strong>rationem</strong></span> 
     </span>
     <span class='ocr_line' id='line_1_3' title="bbox 231 787 1418 877; baseline 0.001 -24"><span class='ocrx_word' id='word_1_11' title='bbox 231 788 355 874; x_wconf 92' lang='lat' dir='ltr'><strong>culpam</strong></span> <span class='ocrx_word' id='word_1_12' title='bbox 388 787 539 855; x_wconf 90' lang='lat' dir='ltr'><strong>scelerum</strong></span> <span class='ocrx_word' id='word_1_13' title='bbox 563 811 583 853; x_wconf 91' lang='lat' dir='ltr'><strong>a</strong></span> <span class='ocrx_word' id='word_1_14' title='bbox 607 789 716 855; x_wconf 86' lang='lat' dir='ltr'><strong>divina</strong></span> <span class='ocrx_word' id='word_1_15' title='bbox 738 789 927 855; x_wconf 86' lang='lat' dir='ltr'><strong>auctoritate</strong></span> <span class='ocrx_word' id='word_1_16' title='bbox 949 789 1115 877; x_wconf 89' lang='lat' dir='ltr'><strong>repetendi</strong></span> <span class='ocrx_word' id='word_1_17' title='bbox 1137 789 1277 855; x_wconf 89' lang='lat' dir='ltr'><strong>moribus</strong></span> <span class='ocrx_word' id='word_1_18' title='bbox 1302 810 1418 874; x_wconf 89' lang='lat' dir='ltr'><strong>aequa-</strong></span> 
     </span>
     <span class='ocr_line' id='line_1_4' title="bbox 230 893 1419 981; baseline 0.002 -23"><span class='ocrx_word' id='word_1_19' title='bbox 230 893 307 959; x_wconf 84' lang='lat' dir='ltr'><strong>lium</strong></span> <span class='ocrx_word' id='word_1_20' title='bbox 331 896 592 981; x_wconf 76' lang='lat' dir='ltr'><strong>posterorumque</strong></span> <span class='ocrx_word' id='word_1_21' title='bbox 616 896 752 961; x_wconf 91' lang='lat' dir='ltr'><strong>multum</strong></span> <span class='ocrx_word' id='word_1_22' title='bbox 776 897 921 962; x_wconf 80' lang='lat' dir='ltr'>nocuisse</span> <span class='ocrx_word' id='word_1_23' title='bbox 944 897 1120 962; x_wconf 88' lang='lat' dir='ltr'><strong>credamus.</strong></span> <span class='ocrx_word' id='word_1_24' title='bbox 1143 896 1232 962; x_wconf 85' lang='lat' dir='ltr'><strong>Alibi</strong></span> <span class='ocrx_word' id='word_1_25' title='bbox 1257 897 1342 962; x_wconf 89' lang='lat' dir='ltr'><strong>enim</strong></span> <span class='ocrx_word' id='word_1_26' title='bbox 1366 917 1419 960; x_wconf 89' lang='lat' dir='ltr'><strong>eos</strong></span> 
     </span>
     <span class='ocr_line' id='line_1_5' title="bbox 231 999 1485 1089; baseline 0 -24"><span class='ocrx_word' id='word_1_27' title='bbox 231 999 286 1086; x_wconf 89' lang='lat' dir='ltr'><strong>qui</strong></span> <span class='ocrx_word' id='word_1_28' title='bbox 305 1000 521 1068; x_wconf 74' lang='lat' dir='ltr'><strong>malefecerint</strong></span> <span class='ocrx_word' id='word_1_29' title='bbox 540 1002 681 1084; x_wconf 70' lang='lat' dir='ltr'><strong>praviter</strong></span> <span class='ocrx_word' id='word_1_30' title='bbox 699 1003 875 1088; x_wconf 88' lang='lat' dir='ltr'><strong>culpandos</strong></span> <span class='ocrx_word' id='word_1_31' title='bbox 894 1025 961 1069; x_wconf 89' lang='lat' dir='ltr'><strong>esse</strong></span> <span class='ocrx_word' id='word_1_32' title='bbox 981 1007 1014 1069; x_wconf 92' lang='lat' dir='ltr'><strong>et</strong></span> <span class='ocrx_word' id='word_1_33' title='bbox 1035 1003 1098 1089; x_wconf 88' lang='lat' dir='ltr'><strong>ipsi</strong></span> <span class='ocrx_word' id='word_1_34' title='bbox 1110 1003 1252 1069; x_wconf 89' lang='lat' dir='ltr'><strong>sentiunt</strong></span> <span class='ocrx_word' id='word_1_35' title='bbox 1263 1005 1297 1068; x_wconf 89' lang='lat' dir='ltr'><strong>et</strong></span> <span class='ocrx_word' id='word_1_36' title='bbox 1306 1001 1420 1088; x_wconf 89' lang='lat' dir='ltr'><strong>reliqui</strong></span> <span class='ocrx_word' id='word_1_37' title='bbox 1483 1013 1485 1035; x_wconf 84' lang='lat'><strong>¹</strong></span> 
     </span>
     <span class='ocr_line' id='line_1_6' title="bbox 233 1106 1420 1197; baseline 0.003 -26"><span class='ocrx_word' id='word_1_38' title='bbox 233 1106 331 1186; x_wconf 70' lang='lat' dir='ltr'><strong>(velut</strong></span> <span class='ocrx_word' id='word_1_39' title='bbox 353 1107 392 1173; x_wconf 90' lang='lat' dir='ltr'><strong>Il.</strong></span> <span class='ocrx_word' id='word_1_40' title='bbox 413 1107 469 1173; x_wconf 91' lang='lat' dir='ltr'><strong>Vl.</strong></span> <span class='ocrx_word' id='word_1_41' title='bbox 491 1109 557 1174; x_wconf 80' lang='lat'><strong>344</strong></span> <span class='ocrx_word' id='word_1_42' title='bbox 576 1111 671 1197; x_wconf 81' lang='lat' dir='ltr'><strong>sqq).</strong></span> <span class='ocrx_word' id='word_1_43' title='bbox 693 1108 762 1186; x_wconf 85' lang='lat' dir='ltr'><strong>Qua</strong></span> <span class='ocrx_word' id='word_1_44' title='bbox 782 1111 821 1175; x_wconf 92' lang='lat' dir='ltr'><strong>de</strong></span> <span class='ocrx_word' id='word_1_45' title='bbox 838 1131 872 1175; x_wconf 89' lang='lat' dir='ltr'><strong>re</strong></span> <span class='ocrx_word' id='word_1_46' title='bbox 888 1111 923 1175; x_wconf 90' lang='lat' dir='ltr'><strong>in</strong></span> <span class='ocrx_word' id='word_1_47' title='bbox 936 1110 1076 1196; x_wconf 78' lang='lat' dir='ltr'><strong>Odyssea</strong></span> <span class='ocrx_word' id='word_1_48' title='bbox 1088 1109 1127 1196; x_wconf 90' lang='grc' dir='ltr'><strong>(Ι.</strong></span> <span class='ocrx_word' id='word_1_49' title='bbox 1142 1111 1185 1174; x_wconf 87' lang='grc'><strong>32</strong></span> <span class='ocrx_word' id='word_1_50' title='bbox 1198 1109 1282 1196; x_wconf 87' lang='lat' dir='ltr'><strong>sqq.)</strong></span> <span class='ocrx_word' id='word_1_51' title='bbox 1292 1107 1420 1194; x_wconf 88' lang='lat' dir='ltr'><strong>Jupiter</strong></span> 
     </span>
     <span class='ocr_line' id='line_1_7' title="bbox 232 1213 1420 1302; baseline 0 -24"><span class='ocrx_word' id='word_1_52' title='bbox 232 1213 395 1280; x_wconf 73' lang='lat' dir='ltr'><strong>utilissime</strong></span> <span class='ocrx_word' id='word_1_53' title='bbox 427 1217 565 1281; x_wconf 89' lang='lat' dir='ltr'><strong>testatur</strong></span> <span class='ocrx_word' id='word_1_54' title='bbox 585 1216 705 1301; x_wconf 86' lang='lat' dir='ltr'><strong>injuria</strong></span> <span class='ocrx_word' id='word_1_55' title='bbox 727 1217 873 1282; x_wconf 90' lang='lat' dir='ltr'><strong>homines</strong></span> <span class='ocrx_word' id='word_1_56' title='bbox 897 1218 1053 1282; x_wconf 90' lang='lat' dir='ltr'><strong>malorum</strong></span> <span class='ocrx_word' id='word_1_57' title='bbox 1077 1237 1208 1282; x_wconf 90' lang='lat' dir='ltr'><strong>suorum</strong></span> <span class='ocrx_word' id='word_1_58' title='bbox 1232 1216 1359 1302; x_wconf 90' lang='lat' dir='ltr'><strong>culpam</strong></span> <span class='ocrx_word' id='word_1_59' title='bbox 1385 1215 1420 1279; x_wconf 87' lang='lat' dir='ltr'><strong>in</strong></span> 
     </span>
     <span class='ocr_line' id='line_1_8' title="bbox 231 1320 1419 1411; baseline -0.001 -25"><span class='ocrx_word' id='word_1_60' title='bbox 231 1320 305 1386; x_wconf 88' lang='lat' dir='ltr'><strong>deos</strong></span> <span class='ocrx_word' id='word_1_61' title='bbox 323 1321 474 1387; x_wconf 84' lang='lat' dir='ltr'><strong>conferre.</strong></span> <span class='ocrx_word' id='word_1_62' title='bbox 495 1321 560 1388; x_wconf 78' lang='lat' dir='ltr'><strong>Eos</strong></span> <span class='ocrx_word' id='word_1_63' title='bbox 578 1323 662 1388; x_wconf 91' lang='lat' dir='ltr'><strong>enim</strong></span> <span class='ocrx_word' id='word_1_64' title='bbox 683 1323 746 1389; x_wconf 91' lang='lat' dir='ltr'><strong>suis</strong></span> <span class='ocrx_word' id='word_1_65' title='bbox 765 1324 906 1410; x_wconf 86' lang='lat' dir='ltr'><strong>ipsorum</strong></span> <span class='ocrx_word' id='word_1_66' title='bbox 927 1324 1096 1390; x_wconf 89' lang='lat' dir='ltr'><strong>sceleribus</strong></span> <span class='ocrx_word' id='word_1_67' title='bbox 1117 1324 1229 1411; x_wconf 92' lang='lat' dir='ltr'><strong>perire.</strong></span> <span class='ocrx_word' id='word_1_68' title='bbox 1249 1323 1288 1389; x_wconf 92' lang='lat' dir='ltr'><strong>In</strong></span> <span class='ocrx_word' id='word_1_69' title='bbox 1306 1321 1419 1407; x_wconf 88' lang='lat' dir='ltr'><strong>Odyss.</strong></span> 
     </span>
     <span class='ocr_line' id='line_1_9' title="bbox 232 1425 1420 1516; baseline 0.001 -24"><span class='ocrx_word' id='word_1_70' title='bbox 232 1425 371 1513; x_wconf 85' lang='lat' dir='ltr'><strong>Olympii</strong></span> <span class='ocrx_word' id='word_1_71' title='bbox 401 1429 534 1496; x_wconf 88' lang='lat' dir='ltr'><strong>omnino</strong></span> <span class='ocrx_word' id='word_1_72' title='bbox 563 1431 664 1495; x_wconf 91' lang='lat' dir='ltr'><strong>multo</strong></span> <span class='ocrx_word' id='word_1_73' title='bbox 695 1431 797 1495; x_wconf 88' lang='lat' dir='ltr'><strong>rarius</strong></span> <span class='ocrx_word' id='word_1_74' title='bbox 826 1453 923 1516; x_wconf 90' lang='lat' dir='ltr'><strong>quam</strong></span> <span class='ocrx_word' id='word_1_75' title='bbox 947 1431 981 1495; x_wconf 88' lang='lat' dir='ltr'><strong>in</strong></span> <span class='ocrx_word' id='word_1_76' title='bbox 1004 1429 1044 1496; x_wconf 90' lang='lat' dir='ltr'><strong>Il.</strong></span> <span class='ocrx_word' id='word_1_77' title='bbox 1067 1431 1159 1516; x_wconf 87' lang='lat' dir='ltr'><strong>pravi</strong></span> <span class='ocrx_word' id='word_1_78' title='bbox 1183 1430 1420 1515; x_wconf 86' lang='lat' dir='ltr'><strong>producuntur,</strong></span> 
     </span>
     <span class='ocr_line' id='line_1_10' title="bbox 233 1534 1423 1622; baseline -0.002 -22"><span class='ocrx_word' id='word_1_79' title='bbox 233 1534 396 1620; x_wconf 88' lang='lat' dir='ltr'><strong>multoque</strong></span> <span class='ocrx_word' id='word_1_80' title='bbox 418 1535 542 1621; x_wconf 88' lang='lat' dir='ltr'><strong>saepius</strong></span> <span class='ocrx_word' id='word_1_81' title='bbox 561 1537 657 1621; x_wconf 88' lang='lat' dir='ltr'><strong>justis</strong></span> <span class='ocrx_word' id='word_1_82' title='bbox 679 1539 788 1602; x_wconf 87' lang='lat' dir='ltr'><strong>adesse</strong></span> <span class='ocrx_word' id='word_1_83' title='bbox 811 1538 973 1622; x_wconf 89' lang='lat' dir='ltr'><strong>malosque</strong></span> <span class='ocrx_word' id='word_1_84' title='bbox 997 1538 1127 1622; x_wconf 88' lang='lat' dir='ltr'><strong>perdere</strong></span> <span class='ocrx_word' id='word_1_85' title='bbox 1150 1537 1300 1601; x_wconf 90' lang='lat' dir='ltr'><strong>dicuntur</strong></span> <span class='ocrx_word' id='word_1_86' title='bbox 1315 1536 1357 1622; x_wconf 88' lang='lat'><strong>¹),</strong></span> <span class='ocrx_word' id='word_1_87' title='bbox 1375 1534 1423 1598; x_wconf 87' lang='lat' dir='ltr'><strong>ita</strong></span> 
     </span>
     <span class='ocr_line' id='line_1_11' title="bbox 233 1639 1420 1730; baseline -0.003 -24"><span class='ocrx_word' id='word_1_88' title='bbox 233 1644 270 1706; x_wconf 92' lang='lat' dir='ltr'><strong>ut</strong></span> <span class='ocrx_word' id='word_1_89' title='bbox 291 1641 421 1707; x_wconf 87' lang='lat' dir='ltr'><strong>Laertes</strong></span> <span class='ocrx_word' id='word_1_90' title='bbox 444 1646 607 1727; x_wconf 89' lang='lat' dir='ltr'><strong>comperta</strong></span> <span class='ocrx_word' id='word_1_91' title='bbox 629 1663 818 1727; x_wconf 89' lang='lat' dir='ltr'><strong>sponsorum</strong></span> <span class='ocrx_word' id='word_1_92' title='bbox 843 1647 936 1709; x_wconf 84' lang='lat' dir='ltr'><strong>caede</strong></span> <span class='ocrx_word' id='word_1_93' title='bbox 959 1644 1115 1708; x_wconf 75' lang='lat' dir='ltr'><strong>exclamet</strong></span> <span class='ocrx_word' id='word_1_94' title='bbox 1134 1643 1267 1730; x_wconf 86' lang='lat' dir='ltr'>(XXIV.</span> <span class='ocrx_word' id='word_1_95' title='bbox 1282 1639 1362 1728; x_wconf 84' lang='lat'>351)</span> <span class='ocrx_word' id='word_1_96' title='bbox 1375 1640 1420 1726; x_wconf 84' lang='lat'><strong>²)=</strong></span> 
     </span>
    </p>

    <p class='ocr_par' dir='ltr' id='par_1_3' title="bbox 326 1746 1344 1832">
     <span class='ocr_line' id='line_1_12' title="bbox 326 1746 1344 1832; baseline 0 -19"><span class='ocrx_word' id='word_1_97' title='bbox 326 1753 386 1814; x_wconf 63' lang='lat' dir='ltr'><strong>zea</strong></span> <span class='ocrx_word' id='word_1_98' title='bbox 411 1747 528 1828; x_wconf 73' lang='grc' dir='ltr'><strong><em>πάτερ,</em></strong></span> <span class='ocrx_word' id='word_1_99' title='bbox 551 1746 571 1824; x_wconf 74' lang='grc' dir='ltr'><strong><em>ἦ</em></strong></span> <span class='ocrx_word' id='word_1_100' title='bbox 595 1747 642 1828; x_wconf 77' lang='grc' dir='ltr'><strong>ἄρ’</strong></span> <span class='ocrx_word' id='word_1_101' title='bbox 667 1746 711 1814; x_wconf 76' lang='grc' dir='ltr'><strong>ἔτ’</strong></span> <span class='ocrx_word' id='word_1_102' title='bbox 735 1749 805 1815; x_wconf 76' lang='grc' dir='ltr'><strong><em>ἔστε</em></strong></span> <span class='ocrx_word' id='word_1_103' title='bbox 826 1752 883 1816; x_wconf 81' lang='lat' dir='ltr'><strong>dael</strong></span> <span class='ocrx_word' id='word_1_104' title='bbox 909 1750 993 1815; x_wconf 76' lang='lat' dir='ltr'><strong>aeret</strong></span> <span class='ocrx_word' id='word_1_105' title='bbox 1016 1751 1134 1832; x_wconf 68' lang='grc' dir='ltr'><strong><em>μικρὸν</em></strong></span> <span class='ocrx_word' id='word_1_106' title='bbox 1153 1752 1344 1828; x_wconf 75' lang='grc' dir='ltr'><strong>Ὄλυμπον,</strong></span> 
     </span>
    </p>

    <p class='ocr_par' dir='ltr' id='par_1_4' title="bbox 326 1854 1108 1936">
     <span class='ocr_line' id='line_1_13' title="bbox 326 1854 1108 1936; baseline 0.004 -15"><span class='ocrx_word' id='word_1_107' title='bbox 326 1857 352 1921; x_wconf 75' lang='grc' dir='ltr'><strong>εἰ</strong></span> <span class='ocrx_word' id='word_1_108' title='bbox 377 1855 460 1920; x_wconf 73' lang='grc' dir='ltr'><strong><em>ἐτεὸν</em></strong></span> <span class='ocrx_word' id='word_1_109' title='bbox 483 1862 652 1935; x_wconf 74' lang='grc' dir='ltr'><strong><em>μνηστῆρες</em></strong></span> <span class='ocrx_word' id='word_1_110' title='bbox 678 1854 966 1936; x_wconf 65' lang='lat' dir='ltr'><strong>eructuantem</strong></span> <span class='ocrx_word' id='word_1_111' title='bbox 992 1855 1108 1924; x_wconf 76' lang='grc' dir='ltr'><strong>ἔτισαν.</strong></span> 
     </span>
    </p>

    <p class='ocr_par' dir='ltr' id='par_1_5' title="bbox 232 1961 1424 2582">
     <span class='ocr_line' id='line_1_14' title="bbox 278 1961 1422 2049; baseline 0 -23"><span class='ocrx_word' id='word_1_112' title='bbox 278 1961 343 2026; x_wconf 79' lang='lat' dir='ltr'><strong>vix</strong></span> <span class='ocrx_word' id='word_1_113' title='bbox 373 1983 453 2046; x_wconf 88' lang='lat' dir='ltr'><strong>opus</strong></span> <span class='ocrx_word' id='word_1_114' title='bbox 483 1963 532 2027; x_wconf 88' lang='lat' dir='ltr'><strong>est</strong></span> <span class='ocrx_word' id='word_1_115' title='bbox 554 1984 683 2028; x_wconf 87' lang='lat' dir='ltr'><strong>monere</strong></span> <span class='ocrx_word' id='word_1_116' title='bbox 707 1963 825 2048; x_wconf 91' lang='lat' dir='ltr'><strong>ubique</strong></span> <span class='ocrx_word' id='word_1_117' title='bbox 847 1964 937 2049; x_wconf 91' lang='lat' dir='ltr'><strong>pium</strong></span> <span class='ocrx_word' id='word_1_118' title='bbox 960 1965 1089 2028; x_wconf 90' lang='lat' dir='ltr'><strong>deorum</strong></span> <span class='ocrx_word' id='word_1_119' title='bbox 1115 1963 1236 2029; x_wconf 89' lang='lat' dir='ltr'><strong>cultum</strong></span> <span class='ocrx_word' id='word_1_120' title='bbox 1260 1973 1422 2028; x_wconf 50' lang='lat' dir='ltr'><strong>commend</strong></span> 
     </span>
     <span class='ocr_line' id='line_1_15' title="bbox 234 2059 1424 2157; baseline 0 -25"><span class='ocrx_word' id='word_1_121' title='bbox 234 2067 312 2132; x_wconf 90' lang='lat' dir='ltr'><strong>dari.</strong></span> <span class='ocrx_word' id='word_1_122' title='bbox 336 2067 440 2153; x_wconf 82' lang='lat' dir='ltr'><strong>Siquis</strong></span> <span class='ocrx_word' id='word_1_123' title='bbox 463 2067 503 2133; x_wconf 90' lang='lat' dir='ltr'><strong>iis</strong></span> <span class='ocrx_word' id='word_1_124' title='bbox 525 2071 635 2154; x_wconf 81' lang='lat' dir='ltr'><strong>paret,</strong></span> <span class='ocrx_word' id='word_1_125' title='bbox 659 2069 688 2134; x_wconf 90' lang='lat' dir='ltr'><strong>ei</strong></span> <span class='ocrx_word' id='word_1_126' title='bbox 709 2069 822 2135; x_wconf 82' lang='lat' dir='ltr'><strong>favent</strong></span> <span class='ocrx_word' id='word_1_127' title='bbox 844 2070 896 2156; x_wconf 87' lang='lat' dir='ltr'><strong>(Il.</strong></span> <span class='ocrx_word' id='word_1_128' title='bbox 920 2069 947 2136; x_wconf 96' lang='grc' dir='ltr'><strong>Ι.</strong></span> <span class='ocrx_word' id='word_1_129' title='bbox 972 2070 1061 2157; x_wconf 86' lang='grc'><strong>218).</strong></span> <span class='ocrx_word' id='word_1_130' title='bbox 1087 2069 1198 2135; x_wconf 90' lang='lat' dir='ltr'><strong>Insani</strong></span> <span class='ocrx_word' id='word_1_131' title='bbox 1221 2071 1269 2134; x_wconf 89' lang='lat' dir='ltr'><strong>est</strong></span> <span class='ocrx_word' id='word_1_132' title='bbox 1291 2089 1364 2133; x_wconf 87' lang='lat' dir='ltr'><strong>cum</strong></span> <span class='ocrx_word' id='word_1_133' title='bbox 1384 2059 1424 2133; x_wconf 90' lang='lat' dir='ltr'><strong>iis</strong></span> 
     </span>
     <span class='ocr_line' id='line_1_16' title="bbox 233 2174 1424 2262; baseline 0.001 -24"><span class='ocrx_word' id='word_1_134' title='bbox 233 2195 391 2260; x_wconf 80' lang='lat' dir='ltr'><strong>pugnare3</strong></span> <span class='ocrx_word' id='word_1_135' title='bbox 418 2196 521 2260; x_wconf 87' lang='lat' dir='ltr'><strong>neque</strong></span> <span class='ocrx_word' id='word_1_136' title='bbox 544 2175 627 2239; x_wconf 90' lang='lat' dir='ltr'><strong>enim</strong></span> <span class='ocrx_word' id='word_1_137' title='bbox 651 2175 816 2262; x_wconf 80' lang='lat' dir='ltr'><strong>Lycurgus</strong></span> <span class='ocrx_word' id='word_1_138' title='bbox 839 2177 895 2241; x_wconf 92' lang='lat' dir='ltr'><strong>diu</strong></span> <span class='ocrx_word' id='word_1_139' title='bbox 918 2176 1016 2254; x_wconf 84' lang='lat' dir='ltr'><strong>vixit,</strong></span> <span class='ocrx_word' id='word_1_140' title='bbox 1037 2177 1092 2261; x_wconf 91' lang='lat' dir='ltr'><strong>qui</strong></span> <span class='ocrx_word' id='word_1_141' title='bbox 1112 2175 1152 2240; x_wconf 92' lang='lat' dir='ltr'><strong>iis</strong></span> <span class='ocrx_word' id='word_1_142' title='bbox 1172 2174 1424 2241; x_wconf 90' lang='lat' dir='ltr'><strong>resistereausus</strong></span> 
     </span>
     <span class='ocr_line' id='line_1_17' title="bbox 234 2279 1423 2369; baseline -0.002 -23"><span class='ocrx_word' id='word_1_143' title='bbox 234 2282 315 2346; x_wconf 88' lang='lat' dir='ltr'><strong>esset</strong></span> <span class='ocrx_word' id='word_1_144' title='bbox 348 2279 400 2367; x_wconf 89' lang='lat' dir='ltr'><strong>(Il.</strong></span> <span class='ocrx_word' id='word_1_145' title='bbox 432 2279 486 2346; x_wconf 89' lang='lat' dir='ltr'><strong>VI.</strong></span> <span class='ocrx_word' id='word_1_146' title='bbox 525 2282 588 2346; x_wconf 81' lang='lat'><strong>130</strong></span> <span class='ocrx_word' id='word_1_147' title='bbox 612 2283 713 2369; x_wconf 81' lang='lat' dir='ltr'><strong>sqq),</strong></span> <span class='ocrx_word' id='word_1_148' title='bbox 748 2286 844 2367; x_wconf 87' lang='lat' dir='ltr'><strong>atque</strong></span> <span class='ocrx_word' id='word_1_149' title='bbox 874 2280 956 2347; x_wconf 83' lang='lat' dir='ltr'><strong>Aiax</strong></span> <span class='ocrx_word' id='word_1_150' title='bbox 990 2281 1098 2348; x_wconf 89' lang='lat' dir='ltr'><strong>Oileus</strong></span> <span class='ocrx_word' id='word_1_151' title='bbox 1130 2303 1202 2346; x_wconf 90' lang='lat' dir='ltr'><strong>cum</strong></span> <span class='ocrx_word' id='word_1_152' title='bbox 1233 2280 1423 2366; x_wconf 83' lang='lat' dir='ltr'><strong>gloriaretur</strong></span> 
     </span>
     <span class='ocr_line' id='line_1_18' title="bbox 233 2386 1423 2473; baseline -0.001 -22"><span class='ocrx_word' id='word_1_153' title='bbox 233 2409 266 2452; x_wconf 90' lang='lat' dir='ltr'><strong>se</strong></span> <span class='ocrx_word' id='word_1_154' title='bbox 288 2387 385 2452; x_wconf 90' lang='lat' dir='ltr'><strong>etiam</strong></span> <span class='ocrx_word' id='word_1_155' title='bbox 409 2386 469 2451; x_wconf 91' lang='lat' dir='ltr'><strong>diis</strong></span> <span class='ocrx_word' id='word_1_156' title='bbox 491 2386 602 2452; x_wconf 85' lang='lat' dir='ltr'><strong>invitis</strong></span> <span class='ocrx_word' id='word_1_157' title='bbox 627 2387 723 2453; x_wconf 90' lang='lat' dir='ltr'><strong>maris</strong></span> <span class='ocrx_word' id='word_1_158' title='bbox 746 2389 886 2473; x_wconf 91' lang='lat' dir='ltr'><strong>periculo</strong></span> <span class='ocrx_word' id='word_1_159' title='bbox 910 2409 1077 2454; x_wconf 86' lang='lat' dir='ltr'><strong>erasurum</strong></span> <span class='ocrx_word' id='word_1_160' title='bbox 1102 2410 1185 2466; x_wconf 86' lang='lat' dir='ltr'><strong>esse,</strong></span> <span class='ocrx_word' id='word_1_161' title='bbox 1204 2386 1351 2473; x_wconf 88' lang='lat' dir='ltr'><strong>protinus</strong></span> <span class='ocrx_word' id='word_1_162' title='bbox 1370 2386 1423 2451; x_wconf 88' lang='lat' dir='ltr'><strong>in-</strong></span> 
     </span>
     <span class='ocr_line' id='line_1_19' title="bbox 232 2492 705 2582; baseline 0.002 -24"><span class='ocrx_word' id='word_1_163' title='bbox 232 2493 319 2558; x_wconf 85' lang='lat' dir='ltr'><strong>teriit</strong></span> <span class='ocrx_word' id='word_1_164' title='bbox 341 2492 415 2579; x_wconf 92' lang='lat' dir='ltr'><strong>(Od.</strong></span> <span class='ocrx_word' id='word_1_165' title='bbox 439 2492 498 2560; x_wconf 87' lang='lat' dir='ltr'><strong>IV.</strong></span> <span class='ocrx_word' id='word_1_166' title='bbox 523 2492 589 2559; x_wconf 83' lang='lat'><strong>504</strong></span> <span class='ocrx_word' id='word_1_167' title='bbox 612 2496 705 2582; x_wconf 82' lang='lat' dir='ltr'><strong>sqq).</strong></span> 
     </span>
    </p>

    <p class='ocr_par' dir='ltr' id='par_1_6' title="bbox 233 2599 1425 3092">
     <span class='ocr_line' id='line_1_20' title="bbox 278 2599 1424 2687; baseline 0 -23"><span class='ocrx_word' id='word_1_168' title='bbox 278 2599 432 2665; x_wconf 87' lang='lat' dir='ltr'><strong>Videmus</strong></span> <span class='ocrx_word' id='word_1_169' title='bbox 466 2599 565 2685; x_wconf 83' lang='lat' dir='ltr'><strong>igitur</strong></span> <span class='ocrx_word' id='word_1_170' title='bbox 591 2602 658 2686; x_wconf 87' lang='lat' dir='ltr'><strong>jam</strong></span> <span class='ocrx_word' id='word_1_171' title='bbox 689 2601 918 2687; x_wconf 73' lang='lat' dir='ltr'><strong>antiquissimis</strong></span> <span class='ocrx_word' id='word_1_172' title='bbox 949 2601 1144 2687; x_wconf 87' lang='lat' dir='ltr'><strong>temporibus</strong></span> <span class='ocrx_word' id='word_1_173' title='bbox 1175 2600 1321 2666; x_wconf 89' lang='lat' dir='ltr'><strong>homines</strong></span> <span class='ocrx_word' id='word_1_174' title='bbox 1345 2599 1424 2665; x_wconf 90' lang='lat' dir='ltr'><strong>duce</strong></span> 
     </span>
     <span class='ocr_line' id='line_1_21' title="bbox 233 2706 1423 2792; baseline 0.001 -22"><span class='ocrx_word' id='word_1_175' title='bbox 233 2706 356 2772; x_wconf 88' lang='lat' dir='ltr'><strong>ratione</strong></span> <span class='ocrx_word' id='word_1_176' title='bbox 379 2709 413 2770; x_wconf 92' lang='lat' dir='ltr'><strong>et</strong></span> <span class='ocrx_word' id='word_1_177' title='bbox 435 2707 614 2772; x_wconf 87' lang='lat' dir='ltr'><strong>sanctitatis</strong></span> <span class='ocrx_word' id='word_1_178' title='bbox 637 2709 768 2773; x_wconf 89' lang='lat' dir='ltr'><strong>notione</strong></span> <span class='ocrx_word' id='word_1_179' title='bbox 788 2709 927 2774; x_wconf 88' lang='lat' dir='ltr'><strong>naturali</strong></span> <span class='ocrx_word' id='word_1_180' title='bbox 951 2731 1018 2774; x_wconf 91' lang='lat' dir='ltr'><strong>non</strong></span> <span class='ocrx_word' id='word_1_181' title='bbox 1035 2709 1137 2774; x_wconf 89' lang='lat' dir='ltr'><strong>solum</strong></span> <span class='ocrx_word' id='word_1_182' title='bbox 1158 2708 1219 2773; x_wconf 93' lang='lat' dir='ltr'><strong>diis</strong></span> <span class='ocrx_word' id='word_1_183' title='bbox 1237 2706 1423 2792; x_wconf 77' lang='lat' dir='ltr'><strong>praefecisse</strong></span> 
     </span>
     <span class='ocr_line' id='line_1_22' title="bbox 234 2801 1424 2900; baseline 0.002 -24"><span class='ocrx_word' id='word_1_184' title='bbox 234 2834 353 2877; x_wconf 89' lang='lat' dir='ltr'><strong>numen</strong></span> <span class='ocrx_word' id='word_1_185' title='bbox 374 2812 517 2898; x_wconf 89' lang='lat' dir='ltr'><strong>superius</strong></span> <span class='ocrx_word' id='word_1_186' title='bbox 538 2818 689 2880; x_wconf 79' lang='lat' dir='ltr'><strong>constans</strong></span> <span class='ocrx_word' id='word_1_187' title='bbox 708 2819 741 2880; x_wconf 88' lang='lat' dir='ltr'><strong>et</strong></span> <span class='ocrx_word' id='word_1_188' title='bbox 752 2815 988 2900; x_wconf 84' lang='lat' dir='ltr'><strong>incorruptum,</strong></span> <span class='ocrx_word' id='word_1_189' title='bbox 1002 2818 1056 2881; x_wconf 90' lang='lat' dir='ltr'><strong>sed</strong></span> <span class='ocrx_word' id='word_1_190' title='bbox 1068 2815 1164 2881; x_wconf 90' lang='lat' dir='ltr'><strong>etiam</strong></span> <span class='ocrx_word' id='word_1_191' title='bbox 1176 2815 1215 2879; x_wconf 91' lang='lat' dir='ltr'><strong>iis</strong></span> <span class='ocrx_word' id='word_1_192' title='bbox 1226 2813 1303 2899; x_wconf 89' lang='lat' dir='ltr'><strong>ipsis</strong></span> <span class='ocrx_word' id='word_1_193' title='bbox 1315 2801 1424 2900; x_wconf 86' lang='lat' dir='ltr'><strong>paucis</strong></span> 
     </span>
     <span class='ocr_line' id='line_1_23' title="bbox 233 2915 1425 3007; baseline 0.002 -24"><span class='ocrx_word' id='word_1_194' title='bbox 233 2915 268 2982; x_wconf 93' lang='lat' dir='ltr'><strong>in</strong></span> <span class='ocrx_word' id='word_1_195' title='bbox 285 2919 380 2984; x_wconf 84' lang='lat' dir='ltr'><strong>rebus</strong></span> <span class='ocrx_word' id='word_1_196' title='bbox 399 2918 582 2985; x_wconf 85' lang='lat' dir='ltr'><strong>attribuisse</strong></span> <span class='ocrx_word' id='word_1_197' title='bbox 600 2941 724 2986; x_wconf 91' lang='lat' dir='ltr'><strong>morum</strong></span> <span class='ocrx_word' id='word_1_198' title='bbox 745 2943 929 3001; x_wconf 85' lang='lat' dir='ltr'><strong>censuram,</strong></span> <span class='ocrx_word' id='word_1_199' title='bbox 949 2944 1031 3007; x_wconf 87' lang='lat' dir='ltr'><strong>quae</strong></span> <span class='ocrx_word' id='word_1_200' title='bbox 1049 2922 1143 2989; x_wconf 89' lang='lat' dir='ltr'><strong>initio</strong></span> <span class='ocrx_word' id='word_1_201' title='bbox 1163 2943 1230 2987; x_wconf 90' lang='lat' dir='ltr'><strong>non</strong></span> <span class='ocrx_word' id='word_1_202' title='bbox 1250 2921 1425 3006; x_wconf 82' lang='lat' dir='ltr'><strong>pertineret</strong></span> 
     </span>
     <span class='ocr_line' id='line_1_24' title="bbox 233 3025 587 3092; baseline 0.006 -2"><span class='ocrx_word' id='word_1_203' title='bbox 233 3025 273 3090; x_wconf 90' lang='lat' dir='ltr'><strong>ad</strong></span> <span class='ocrx_word' id='word_1_204' title='bbox 295 3045 406 3090; x_wconf 88' lang='lat' dir='ltr'><strong>eorum</strong></span> <span class='ocrx_word' id='word_1_205' title='bbox 429 3029 587 3092; x_wconf 89' lang='lat' dir='ltr'><strong>naturam.</strong></span> 
     </span>
    </p>

    <p class='ocr_par' dir='ltr' id='par_1_7' title="bbox 233 3129 1424 4075">
     <span class='ocr_line' id='line_1_25' title="bbox 278 3129 1424 3222; baseline 0.003 -25"><span class='ocrx_word' id='word_1_206' title='bbox 278 3129 405 3197; x_wconf 80' lang='lat' dir='ltr'><strong>Exinde</strong></span> <span class='ocrx_word' id='word_1_207' title='bbox 433 3132 561 3219; x_wconf 88' lang='lat' dir='ltr'><strong>Jupiter</strong></span> <span class='ocrx_word' id='word_1_208' title='bbox 582 3134 617 3199; x_wconf 92' lang='lat' dir='ltr'><strong>in</strong></span> <span class='ocrx_word' id='word_1_209' title='bbox 640 3138 826 3219; x_wconf 89' lang='lat' dir='ltr'><strong>perpetuum</strong></span> <span class='ocrx_word' id='word_1_210' title='bbox 852 3138 962 3201; x_wconf 90' lang='lat' dir='ltr'><strong>manet</strong></span> <span class='ocrx_word' id='word_1_211' title='bbox 986 3135 1116 3222; x_wconf 87' lang='lat' dir='ltr'><strong>perjurii</strong></span> <span class='ocrx_word' id='word_1_212' title='bbox 1139 3135 1244 3213; x_wconf 86' lang='lat' dir='ltr'><strong>ultor,</strong></span> <span class='ocrx_word' id='word_1_213' title='bbox 1268 3136 1424 3220; x_wconf 89' lang='lat' dir='ltr'><strong>patronus</strong></span> 
     </span>
     <span class='ocr_line' id='line_1_26' title="bbox 234 3226 1422 3327; baseline 0.005 -25"><span class='ocrx_word' id='word_1_214' title='bbox 234 3239 412 3324; x_wconf 90' lang='lat' dir='ltr'><strong>supplicum</strong></span> <span class='ocrx_word' id='word_1_215' title='bbox 443 3243 477 3305; x_wconf 88' lang='lat' dir='ltr'><strong>et</strong></span> <span class='ocrx_word' id='word_1_216' title='bbox 506 3226 679 3325; x_wconf 84' lang='lat' dir='ltr'><strong>hospitum.</strong></span> <span class='ocrx_word' id='word_1_217' title='bbox 712 3241 772 3306; x_wconf 82' lang='lat' dir='ltr'><strong>Sed</strong></span> <span class='ocrx_word' id='word_1_218' title='bbox 807 3244 841 3307; x_wconf 92' lang='lat' dir='ltr'><strong>et</strong></span> <span class='ocrx_word' id='word_1_219' title='bbox 875 3241 937 3307; x_wconf 90' lang='lat' dir='ltr'><strong>alia</strong></span> <span class='ocrx_word' id='word_1_220' title='bbox 971 3241 1077 3308; x_wconf 74' lang='lat' dir='ltr'><strong>effide</strong></span> <span class='ocrx_word' id='word_1_221' title='bbox 1106 3229 1142 3307; x_wconf 36' lang='lat' dir='ltr'><strong>‘ei</strong></span> <span class='ocrx_word' id='word_1_222' title='bbox 1170 3241 1255 3307; x_wconf 87' lang='lat' dir='ltr'><strong>fiunt</strong></span> <span class='ocrx_word' id='word_1_223' title='bbox 1283 3241 1422 3327; x_wconf 88' lang='lat' dir='ltr'><strong>propria.</strong></span> 
     </span>
     <span class='ocr_line' id='line_1_27' title="bbox 234 3341 1423 3433; baseline 0.002 -23"><span class='ocrx_word' id='word_1_224' title='bbox 234 3341 335 3430; x_wconf 88' lang='lat' dir='ltr'><strong>Supra</strong></span> <span class='ocrx_word' id='word_1_225' title='bbox 362 3344 520 3426; x_wconf 83' lang='lat' dir='ltr'><strong>indicavi,</strong></span> <span class='ocrx_word' id='word_1_226' title='bbox 551 3368 615 3433; x_wconf 92' lang='lat' dir='ltr'><strong>qno</strong></span> <span class='ocrx_word' id='word_1_227' title='bbox 646 3347 749 3432; x_wconf 80' lang='lat' dir='ltr'><strong>magis</strong></span> <span class='ocrx_word' id='word_1_228' title='bbox 772 3349 994 3412; x_wconf 84' lang='lat' dir='ltr'><strong>emendaretur</strong></span> <span class='ocrx_word' id='word_1_229' title='bbox 1017 3347 1211 3413; x_wconf 87' lang='lat' dir='ltr'><strong>conscientia</strong></span> <span class='ocrx_word' id='word_1_230' title='bbox 1232 3345 1363 3412; x_wconf 88' lang='lat' dir='ltr'><strong>moralis</strong></span> <span class='ocrx_word' id='word_1_231' title='bbox 1386 3369 1423 3412; x_wconf 89' lang='lat' dir='ltr'><strong>eo</strong></span> 
     </span>
     <span class='ocr_line' id='line_1_28' title="bbox 234 3451 1423 3539; baseline 0.002 -25"><span class='ocrx_word' id='word_1_232' title='bbox 234 3451 324 3536; x_wconf 86' lang='lat' dir='ltr'><strong>plura</strong></span> <span class='ocrx_word' id='word_1_233' title='bbox 354 3474 488 3518; x_wconf 88' lang='lat' dir='ltr'><strong>munera</strong></span> <span class='ocrx_word' id='word_1_234' title='bbox 517 3453 552 3518; x_wconf 93' lang='lat' dir='ltr'><strong>in</strong></span> <span class='ocrx_word' id='word_1_235' title='bbox 584 3453 659 3518; x_wconf 89' lang='lat' dir='ltr'><strong>deos</strong></span> <span class='ocrx_word' id='word_1_236' title='bbox 687 3475 755 3519; x_wconf 90' lang='lat' dir='ltr'><strong>esse</strong></span> <span class='ocrx_word' id='word_1_237' title='bbox 786 3453 911 3518; x_wconf 89' lang='lat' dir='ltr'><strong>collata.</strong></span> <span class='ocrx_word' id='word_1_238' title='bbox 943 3454 1040 3539; x_wconf 86' lang='lat' dir='ltr'><strong>Apud</strong></span> <span class='ocrx_word' id='word_1_239' title='bbox 1071 3451 1299 3518; x_wconf 87' lang='lat' dir='ltr'><strong>Hesiodum</strong></span> <span class='ocrx_word' id='word_1_240' title='bbox 1332 3474 1423 3539; x_wconf 80' lang='lat' dir='ltr'><strong>mag-</strong></span> 
     </span>
     <span class='ocr_line' id='line_1_29' title="bbox 235 3557 1424 3646; baseline 0.003 -25"><span class='ocrx_word' id='word_1_241' title='bbox 235 3577 293 3622; x_wconf 89' lang='lat' dir='ltr'><strong>nos</strong></span> <span class='ocrx_word' id='word_1_242' title='bbox 328 3557 397 3642; x_wconf 87' lang='lat' dir='ltr'><strong>jam</strong></span> <span class='ocrx_word' id='word_1_243' title='bbox 430 3559 622 3645; x_wconf 90' lang='lat' dir='ltr'><strong>percipimus</strong></span> <span class='ocrx_word' id='word_1_244' title='bbox 657 3581 851 3646; x_wconf 83' lang='lat' dir='ltr'><strong>progressus.</strong></span> <span class='ocrx_word' id='word_1_245' title='bbox 896 3559 1049 3627; x_wconf 84' lang='lat' dir='ltr'><strong>Universe</strong></span> <span class='ocrx_word' id='word_1_246' title='bbox 1082 3560 1156 3624; x_wconf 93' lang='lat' dir='ltr'><strong>deos</strong></span> <span class='ocrx_word' id='word_1_247' title='bbox 1190 3558 1424 3625; x_wconf 86' lang='lat' dir='ltr'><strong>testificabatur</strong></span> 
     </span>
     <span class='ocr_line' id='line_1_30' title="bbox 235 3663 1422 3754; baseline 0.003 -26"><span class='ocrx_word' id='word_1_248' title='bbox 235 3683 300 3728; x_wconf 88' lang='lat' dir='ltr'><strong>esse</strong></span> <span class='ocrx_word' id='word_1_249' title='bbox 328 3663 485 3730; x_wconf 89' lang='lat' dir='ltr'><strong>malorum</strong></span> <span class='ocrx_word' id='word_1_250' title='bbox 508 3666 701 3752; x_wconf 85' lang='lat' dir='ltr'><strong>perditores,</strong></span> <span class='ocrx_word' id='word_1_251' title='bbox 724 3667 881 3732; x_wconf 91' lang='lat' dir='ltr'><strong>bonorum</strong></span> <span class='ocrx_word' id='word_1_252' title='bbox 905 3671 1065 3754; x_wconf 89' lang='lat' dir='ltr'><strong>patronos.</strong></span> <span class='ocrx_word' id='word_1_253' title='bbox 1089 3663 1200 3732; x_wconf 87' lang='lat' dir='ltr'><strong>Justos</strong></span> <span class='ocrx_word' id='word_1_254' title='bbox 1222 3663 1351 3752; x_wconf 86' lang='lat' dir='ltr'><strong>Jupiter</strong></span> <span class='ocrx_word' id='word_1_255' title='bbox 1373 3665 1422 3732; x_wconf 57' lang='lat' dir='ltr'><strong>lo*</strong></span> 
     </span>
     <span class='ocr_line' id='line_1_31' title="bbox 235 3769 1423 3860; baseline 0.003 -26"><span class='ocrx_word' id='word_1_256' title='bbox 235 3769 375 3854; x_wconf 87' lang='lat' dir='ltr'><strong>cupletat</strong></span> <span class='ocrx_word' id='word_1_257' title='bbox 403 3771 496 3837; x_wconf 83' lang='lat' dir='ltr'><strong>laetis</strong></span> <span class='ocrx_word' id='word_1_258' title='bbox 527 3773 681 3839; x_wconf 89' lang='lat' dir='ltr'><strong>messibus</strong></span> <span class='ocrx_word' id='word_1_259' title='bbox 710 3774 893 3860; x_wconf 86' lang='lat' dir='ltr'><strong>pecorisque</strong></span> <span class='ocrx_word' id='word_1_260' title='bbox 922 3773 1117 3839; x_wconf 79' lang='lat' dir='ltr'><strong>fecunditate</strong></span> <span class='ocrx_word' id='word_1_261' title='bbox 1141 3773 1262 3859; x_wconf 70' lang='grc' dir='ltr'><strong>(Ἔργα</strong></span> <span class='ocrx_word' id='word_1_262' title='bbox 1287 3797 1317 3842; x_wconf 76' lang='lat' dir='ltr'><strong>a.</strong></span> <span class='ocrx_word' id='word_1_263' title='bbox 1347 3775 1423 3851; x_wconf 68' lang='grc' dir='ltr'><strong>Ἡμ.</strong></span> 
     </span>
     <span class='ocr_line' id='line_1_32' title="bbox 233 3875 1422 3966; baseline 0.003 -25"><span class='ocrx_word' id='word_1_264' title='bbox 233 3875 298 3942; x_wconf 80' lang='grc'><strong>280</strong></span> <span class='ocrx_word' id='word_1_265' title='bbox 333 3899 415 3965; x_wconf 89' lang='lat' dir='ltr'><strong>sqq.,</strong></span> <span class='ocrx_word' id='word_1_266' title='bbox 448 3880 512 3946; x_wconf 85' lang='lat'><strong>280</strong></span> <span class='ocrx_word' id='word_1_267' title='bbox 545 3882 625 3966; x_wconf 80' lang='lat' dir='ltr'><strong>sq),</strong></span> <span class='ocrx_word' id='word_1_268' title='bbox 653 3880 790 3965; x_wconf 88' lang='lat' dir='ltr'><strong>injustos</strong></span> <span class='ocrx_word' id='word_1_269' title='bbox 822 3901 896 3947; x_wconf 83' lang='lat' dir='ltr'><strong>vero</strong></span> <span class='ocrx_word' id='word_1_270' title='bbox 928 3879 1073 3946; x_wconf 74' lang='lat' dir='ltr'><strong>funditus</strong></span> <span class='ocrx_word' id='word_1_271' title='bbox 1104 3879 1210 3966; x_wconf 87' lang='lat' dir='ltr'><strong>perdit</strong></span> <span class='ocrx_word' id='word_1_272' title='bbox 1240 3879 1359 3946; x_wconf 89' lang='lat' dir='ltr'><strong>morbis</strong></span> <span class='ocrx_word' id='word_1_273' title='bbox 1389 3883 1422 3945; x_wconf 92' lang='lat' dir='ltr'><strong>et</strong></span> 
     </span>
     <span class='ocr_line' id='line_1_33' title="bbox 234 3986 1423 4075; baseline 0 -23"><span class='ocrx_word' id='word_1_274' title='bbox 234 4003 381 4069; x_wconf 69' lang='lat' dir='ltr'><strong>agrorum</strong></span> <span class='ocrx_word' id='word_1_275' title='bbox 416 3987 583 4055; x_wconf 86' lang='lat' dir='ltr'><strong>sterilitate</strong></span> <span class='ocrx_word' id='word_1_276' title='bbox 613 3987 704 4059; x_wconf 85' lang='lat' dir='ltr'><strong>libid.</strong></span> <span class='ocrx_word' id='word_1_277' title='bbox 739 3989 804 4055; x_wconf 83' lang='lat'><strong>241</strong></span> <span class='ocrx_word' id='word_1_278' title='bbox 829 4009 910 4074; x_wconf 62' lang='lat' dir='ltr'><strong>sqq„</strong></span> <span class='ocrx_word' id='word_1_279' title='bbox 942 3988 1006 4054; x_wconf 83' lang='lat'><strong>281</strong></span> <span class='ocrx_word' id='word_1_280' title='bbox 1032 3987 1135 4075; x_wconf 85' lang='lat' dir='ltr'><strong>sqq.);</strong></span> <span class='ocrx_word' id='word_1_281' title='bbox 1167 3986 1304 4072; x_wconf 80' lang='lat' dir='ltr'><strong>triginta</strong></span> <span class='ocrx_word' id='word_1_282' title='bbox 1334 3986 1423 4052; x_wconf 86' lang='lat' dir='ltr'><strong>milia</strong></span> 
     </span>
    </p>
   </div>
   <div class='ocr_carea' id='block_1_3' title="bbox 228 4239 1425 4720">
    <p class='ocr_par' dir='ltr' id='par_1_8' title="bbox 234 4239 1425 4391">
     <span class='ocr_line' id='line_1_34' title="bbox 234 4239 1425 4308; baseline 0.003 -20"><span class='ocrx_word' id='word_1_283' title='bbox 234 4239 323 4288; x_wconf 69' lang='lat' dir='ltr'><strong>muri</strong></span> <span class='ocrx_word' id='word_1_284' title='bbox 344 4243 431 4307; x_wconf 78' lang='lat' dir='ltr'><strong>potest.</strong></span> <span class='ocrx_word' id='word_1_285' title='bbox 454 4241 488 4290; x_wconf 78' lang='lat' dir='ltr'><strong>st</strong></span> <span class='ocrx_word' id='word_1_286' title='bbox 509 4239 653 4308; x_wconf 80' lang='lat' dir='ltr'><strong>posteriores</strong></span> <span class='ocrx_word' id='word_1_287' title='bbox 675 4241 759 4292; x_wconf 79' lang='lat' dir='ltr'><strong>Graeci</strong></span> <span class='ocrx_word' id='word_1_288' title='bbox 782 4240 828 4308; x_wconf 85' lang='lat' dir='ltr'><strong>ipsi</strong></span> <span class='ocrx_word' id='word_1_289' title='bbox 852 4257 926 4306; x_wconf 86' lang='lat' dir='ltr'><strong>usque</strong></span> <span class='ocrx_word' id='word_1_290' title='bbox 943 4244 972 4291; x_wconf 82' lang='lat' dir='ltr'><strong>ad</strong></span> <span class='ocrx_word' id='word_1_291' title='bbox 989 4244 1098 4308; x_wconf 83' lang='lat' dir='ltr'><strong>tempora</strong></span> <span class='ocrx_word' id='word_1_292' title='bbox 1115 4241 1278 4292; x_wconf 74' lang='lat' dir='ltr'><strong>Alexandrina</strong></span> <span class='ocrx_word' id='word_1_293' title='bbox 1294 4240 1425 4292; x_wconf 76' lang='lat' dir='ltr'><strong>Hommica</strong></span> 
     </span>
     <span class='ocr_line' id='line_1_35' title="bbox 234 4320 1210 4391; baseline 0.006 -23"><span class='ocrx_word' id='word_1_294' title='bbox 234 4320 314 4371; x_wconf 79' lang='lat' dir='ltr'><strong>omnis</strong></span> <span class='ocrx_word' id='word_1_295' title='bbox 328 4323 431 4387; x_wconf 73' lang='lat' dir='ltr'><strong>gannim</strong></span> <span class='ocrx_word' id='word_1_296' title='bbox 447 4324 567 4374; x_wconf 83' lang='lat' dir='ltr'><strong>duxerunt</strong></span> <span class='ocrx_word' id='word_1_297' title='bbox 582 4327 607 4374; x_wconf 93' lang='lat' dir='ltr'><strong>et</strong></span> <span class='ocrx_word' id='word_1_298' title='bbox 623 4323 690 4389; x_wconf 81' lang='lat' dir='ltr'><strong>quari</strong></span> <span class='ocrx_word' id='word_1_299' title='bbox 707 4341 769 4391; x_wconf 89' lang='lat' dir='ltr'><strong>puro</strong></span> <span class='ocrx_word' id='word_1_300' title='bbox 785 4325 850 4375; x_wconf 76' lang='lat' dir='ltr'><strong>tonte</strong></span> <span class='ocrx_word' id='word_1_301' title='bbox 868 4325 1029 4390; x_wconf 73' lang='lat' dir='ltr'><strong>mythologice</strong></span> <span class='ocrx_word' id='word_1_302' title='bbox 1046 4325 1076 4374; x_wconf 87' lang='lat' dir='ltr'><strong>iis</strong></span> <span class='ocrx_word' id='word_1_303' title='bbox 1093 4323 1130 4374; x_wconf 81' lang='lat' dir='ltr'><strong>nai</strong></span> <span class='ocrx_word' id='word_1_304' title='bbox 1146 4326 1210 4375; x_wconf 85' lang='lat' dir='ltr'><strong>aaut.</strong></span> 
     </span>
    </p>

    <p class='ocr_par' dir='ltr' id='par_1_9' title="bbox 231 4403 1423 4556">
     <span class='ocr_line' id='line_1_36' title="bbox 269 4403 1423 4474; baseline 0.003 -20"><span class='ocrx_word' id='word_1_305' title='bbox 269 4403 295 4465; x_wconf 88' lang='lat' dir='ltr'><strong>l)</strong></span> <span class='ocrx_word' id='word_1_306' title='bbox 310 4403 423 4456; x_wconf 73' lang='lat' dir='ltr'><strong>Hirrum</strong></span> <span class='ocrx_word' id='word_1_307' title='bbox 446 4406 498 4472; x_wconf 78' lang='lat' dir='ltr'><strong>ipsa</strong></span> <span class='ocrx_word' id='word_1_308' title='bbox 513 4407 574 4457; x_wconf 81' lang='lat' dir='ltr'><strong>Jove</strong></span> <span class='ocrx_word' id='word_1_309' title='bbox 590 4409 711 4458; x_wconf 78' lang='lat' dir='ltr'><strong>mouente</strong></span> <span class='ocrx_word' id='word_1_310' title='bbox 728 4407 857 4474; x_wconf 84' lang='lat' dir='ltr'><strong>perniciem</strong></span> <span class='ocrx_word' id='word_1_311' title='bbox 875 4423 959 4458; x_wconf 83' lang='lat' dir='ltr'><strong>eorum</strong></span> <span class='ocrx_word' id='word_1_312' title='bbox 977 4407 1139 4459; x_wconf 79' lang='lat' dir='ltr'><strong>Itbacemium</strong></span> <span class='ocrx_word' id='word_1_313' title='bbox 1158 4410 1242 4473; x_wconf 83' lang='lat' dir='ltr'><strong>parat,</strong></span> <span class='ocrx_word' id='word_1_314' title='bbox 1259 4407 1301 4472; x_wconf 85' lang='lat' dir='ltr'><strong>qai</strong></span> <span class='ocrx_word' id='word_1_315' title='bbox 1318 4406 1423 4458; x_wconf 78' lang='lat' dir='ltr'><strong>absentia</strong></span> 
     </span>
     <span class='ocr_line' id='line_1_37' title="bbox 231 4483 1325 4556; baseline 0.005 -20"><span class='ocrx_word' id='word_1_316' title='bbox 231 4483 348 4554; x_wconf 77' lang='lat' dir='ltr'><strong>principia</strong></span> <span class='ocrx_word' id='word_1_317' title='bbox 362 4486 432 4538; x_wconf 83' lang='lat' dir='ltr'><strong>obliti</strong></span> <span class='ocrx_word' id='word_1_318' title='bbox 448 4491 530 4548; x_wconf 78' lang='lat' dir='ltr'><strong>mant,</strong></span> <span class='ocrx_word' id='word_1_319' title='bbox 546 4489 654 4554; x_wconf 77' lang='lat' dir='ltr'><strong>quamvis</strong></span> <span class='ocrx_word' id='word_1_320' title='bbox 669 4489 866 4540; x_wconf 80' lang='lat' dir='ltr'><strong>clementissimas</strong></span> <span class='ocrx_word' id='word_1_321' title='bbox 881 4505 975 4556; x_wconf 80' lang='lat' dir='ltr'><strong>semper</strong></span> <span class='ocrx_word' id='word_1_322' title='bbox 991 4489 1074 4540; x_wconf 79' lang='lat' dir='ltr'><strong>luisset</strong></span> <span class='ocrx_word' id='word_1_323' title='bbox 1092 4489 1150 4552; x_wconf 80' lang='lat' dir='ltr'><strong>(od.</strong></span> <span class='ocrx_word' id='word_1_324' title='bbox 1169 4489 1199 4539; x_wconf 83' lang='lat' dir='ltr'><strong>V.</strong></span> <span class='ocrx_word' id='word_1_325' title='bbox 1221 4488 1325 4556; x_wconf 74' lang='lat' dir='ltr'><strong>&#39;r-el).</strong></span> 
     </span>
    </p>

    <p class='ocr_par' dir='ltr' id='par_1_10' title="bbox 228 4567 1425 4720">
     <span class='ocr_line' id='line_1_38' title="bbox 268 4567 1425 4638; baseline 0.003 -20"><span class='ocrx_word' id='word_1_326' title='bbox 268 4567 298 4632; x_wconf 74' lang='grc'><strong>2)</strong></span> <span class='ocrx_word' id='word_1_327' title='bbox 312 4569 346 4619; x_wconf 76' lang='lat' dir='ltr'><strong>st</strong></span> <span class='ocrx_word' id='word_1_328' title='bbox 369 4569 409 4620; x_wconf 82' lang='lat' dir='ltr'><strong>bic</strong></span> <span class='ocrx_word' id='word_1_329' title='bbox 434 4571 479 4622; x_wconf 84' lang='lat' dir='ltr'><strong>Od.</strong></span> <span class='ocrx_word' id='word_1_330' title='bbox 502 4569 564 4620; x_wconf 84' lang='lat' dir='ltr'><strong>liber</strong></span> <span class='ocrx_word' id='word_1_331' title='bbox 586 4587 634 4622; x_wconf 87' lang='lat' dir='ltr'><strong>non</strong></span> <span class='ocrx_word' id='word_1_332' title='bbox 656 4571 685 4622; x_wconf 82' lang='lat' dir='ltr'><strong>ab</strong></span> <span class='ocrx_word' id='word_1_333' title='bbox 706 4572 758 4638; x_wconf 77' lang='lat' dir='ltr'><strong>ipso</strong></span> <span class='ocrx_word' id='word_1_334' title='bbox 779 4575 850 4638; x_wconf 83' lang='lat' dir='ltr'><strong>poeta</strong></span> <span class='ocrx_word' id='word_1_335' title='bbox 871 4571 974 4638; x_wconf 77' lang='lat' dir='ltr'><strong>scriptae</strong></span> <span class='ocrx_word' id='word_1_336' title='bbox 996 4571 1098 4624; x_wconf 81' lang='lat' dir='ltr'><strong>ridetur.</strong></span> <span class='ocrx_word' id='word_1_337' title='bbox 1122 4570 1178 4624; x_wconf 87' lang='lat' dir='ltr'><strong>Vid.</strong></span> <span class='ocrx_word' id='word_1_338' title='bbox 1201 4575 1282 4622; x_wconf 85' lang='lat' dir='ltr'><strong>annot.</strong></span> <span class='ocrx_word' id='word_1_339' title='bbox 1306 4573 1368 4622; x_wconf 77' lang='lat' dir='ltr'><strong>tad</strong></span> <span class='ocrx_word' id='word_1_340' title='bbox 1384 4586 1425 4638; x_wconf 76' lang='lat' dir='ltr'><strong>pg.</strong></span> 
     </span>
     <span class='ocr_line' id='line_1_39' title="bbox 228 4665 374 4720; baseline 0.014 -20"><span class='ocrx_word' id='word_1_341' title='bbox 228 4665 374 4720; x_wconf 79' lang='lat' dir='ltr'><strong>proxumam.</strong></span> 
     </span>
    </p>
   </div>
   <div class='ocr_carea' id='block_1_4' title="bbox 0 0 1717 5356">
    <p class='ocr_par' dir='ltr' id='par_1_11' title="bbox 0 0 1717 5356">
     <span class='ocr_line' id='line_1_40' title="bbox 0 0 1717 5356; baseline 0 0"><span class='ocrx_word' id='word_1_342' title='bbox 0 0 1717 5356; x_wconf 95' lang='lat' dir='ltr'><strong> </strong></span> 
     </span>
    </p>
   </div>
  </div>
 </body>
</html>
