<?xml version="1.0" encoding="UTF-8"?>
<!DOCTYPE html PUBLIC "-//W3C//DTD XHTML 1.0 Transitional//EN"
    "http://www.w3.org/TR/xhtml1/DTD/xhtml1-transitional.dtd">
<html xmlns="http://www.w3.org/1999/xhtml" xml:lang="en" lang="en">
 <head>
  <title>
</title>
<meta http-equiv="Content-Type" content="text/html;charset=utf-8" />
  <meta name='ocr-system' content='tesseract 3.04.00' />
  <meta name='ocr-capabilities' content='ocr_page ocr_carea ocr_par ocr_line ocrx_word'/>
</head>
<body>
  <div class='ocr_page' id='page_1' title='image "./commentatiodeeu00berlgoog_0190.png"; bbox 0 0 3422 5362; ppageno 0'>
   <div class='ocr_carea' id='block_1_1' title="bbox 775 467 839 532">
    <p class='ocr_par' dir='ltr' id='par_1_1' title="bbox 775 467 839 532">
     <span class='ocr_line' id='line_1_1' title="bbox 775 467 839 532; baseline 0 0"><span class='ocrx_word' id='word_1_1' title='bbox 775 467 839 532; x_wconf 88' lang='grc'><strong>175</strong></span> 
     </span>
    </p>
   </div>
   <div class='ocr_carea' id='block_1_2' title="bbox 212 584 1404 740">
    <p class='ocr_par' dir='ltr' id='par_1_2' title="bbox 212 584 1404 740">
     <span class='ocr_line' id='line_1_2' title="bbox 212 584 1404 740; baseline 0.004 -24"><span class='ocrx_word' id='word_1_2' title='bbox 212 655 319 735; x_wconf 85' lang='lat' dir='ltr'><strong>neret,</strong></span> <span class='ocrx_word' id='word_1_3' title='bbox 352 651 450 714; x_wconf 88' lang='lat' dir='ltr'><strong>fiebat</strong></span> <span class='ocrx_word' id='word_1_4' title='bbox 475 651 618 728; x_wconf 87' lang='lat' dir='ltr'><strong>mollior,</strong></span> <span class='ocrx_word' id='word_1_5' title='bbox 642 651 871 728; x_wconf 79' lang='lat' dir='ltr'><strong>effeminatior,</strong></span> <span class='ocrx_word' id='word_1_6' title='bbox 895 651 1083 735; x_wconf 84' lang='lat' dir='ltr'><strong>superbior,</strong></span> <span class='ocrx_word' id='word_1_7' title='bbox 1106 655 1139 718; x_wconf 86' lang='lat' dir='ltr'><strong>et</strong></span> <span class='ocrx_word' id='word_1_8' title='bbox 1161 584 1232 718; x_wconf 81' lang='lat' dir='ltr'><strong>bum</strong></span> <span class='ocrx_word' id='word_1_9' title='bbox 1256 655 1404 740; x_wconf 81' lang='lat' dir='ltr'><strong>volupta-</strong></span> 
     </span>
    </p>
   </div>
   <div class='ocr_carea' id='block_1_3' title="bbox 190 755 1410 3381">
    <p class='ocr_par' dir='ltr' id='par_1_3' title="bbox 190 755 1408 2428">
     <span class='ocr_line' id='line_1_3' title="bbox 209 755 1404 844; baseline 0.003 -22"><span class='ocrx_word' id='word_1_10' title='bbox 209 757 298 822; x_wconf 87' lang='lat' dir='ltr'><strong>tibus</strong></span> <span class='ocrx_word' id='word_1_11' title='bbox 320 756 385 822; x_wconf 91' lang='lat' dir='ltr'><strong>suis</strong></span> <span class='ocrx_word' id='word_1_12' title='bbox 407 757 562 821; x_wconf 83' lang='lat' dir='ltr'><strong>eltrenata</strong></span> <span class='ocrx_word' id='word_1_13' title='bbox 584 755 714 820; x_wconf 87' lang='lat' dir='ltr'><strong>licentia</strong></span> <span class='ocrx_word' id='word_1_14' title='bbox 736 755 937 841; x_wconf 75' lang='lat' dir='ltr'>indulgeret,</span> <span class='ocrx_word' id='word_1_15' title='bbox 957 757 1029 824; x_wconf 89' lang='lat' dir='ltr'><strong>illas</strong></span> <span class='ocrx_word' id='word_1_16' title='bbox 1048 779 1125 844; x_wconf 87' lang='lat' dir='ltr'><strong>opes</strong></span> <span class='ocrx_word' id='word_1_17' title='bbox 1144 758 1289 826; x_wconf 72' lang='lat' dir='ltr'><strong>celeriter</strong></span> <span class='ocrx_word' id='word_1_18' title='bbox 1312 760 1404 826; x_wconf 89' lang='lat' dir='ltr'><strong>dissi·</strong></span> 
     </span>
     <span class='ocr_line' id='line_1_4' title="bbox 209 861 1405 948; baseline 0.003 -21"><span class='ocrx_word' id='word_1_19' title='bbox 209 862 317 948; x_wconf 83' lang='lat' dir='ltr'><strong>pabat.</strong></span> <span class='ocrx_word' id='word_1_20' title='bbox 349 861 515 928; x_wconf 89' lang='lat' dir='ltr'><strong>Praeterea</strong></span> <span class='ocrx_word' id='word_1_21' title='bbox 547 863 724 926; x_wconf 87' lang='lat' dir='ltr'><strong>mercatura</strong></span> <span class='ocrx_word' id='word_1_22' title='bbox 747 861 839 926; x_wconf 89' lang='lat' dir='ltr'><strong>novis</strong></span> <span class='ocrx_word' id='word_1_23' title='bbox 861 861 1031 928; x_wconf 81' lang='lat' dir='ltr'><strong>itineribus</strong></span> <span class='ocrx_word' id='word_1_24' title='bbox 1053 864 1089 929; x_wconf 93' lang='lat' dir='ltr'><strong>in</strong></span> <span class='ocrx_word' id='word_1_25' title='bbox 1108 865 1299 931; x_wconf 91' lang='lat' dir='ltr'><strong>immensum</strong></span> <span class='ocrx_word' id='word_1_26' title='bbox 1320 887 1405 932; x_wconf 91' lang='lat' dir='ltr'><strong>cree-</strong></span> 
     </span>
     <span class='ocr_line' id='line_1_5' title="bbox 210 965 1405 1056; baseline 0.003 -23"><span class='ocrx_word' id='word_1_27' title='bbox 210 989 286 1033; x_wconf 90' lang='lat' dir='ltr'><strong>cens</strong></span> <span class='ocrx_word' id='word_1_28' title='bbox 308 966 428 1032; x_wconf 84' lang='lat' dir='ltr'><strong>divitiis</strong></span> <span class='ocrx_word' id='word_1_29' title='bbox 451 970 579 1032; x_wconf 87' lang='lat' dir='ltr'><strong>auctum</strong></span> <span class='ocrx_word' id='word_1_30' title='bbox 599 965 759 1032; x_wconf 76' lang='lat' dir='ltr'><strong>extulerat</strong></span> <span class='ocrx_word' id='word_1_31' title='bbox 777 988 879 1052; x_wconf 79' lang='lat' dir='ltr'><strong>genus</strong></span> <span class='ocrx_word' id='word_1_32' title='bbox 900 967 1087 1047; x_wconf 85' lang='lat' dir='ltr'><strong>bominum,</strong></span> <span class='ocrx_word' id='word_1_33' title='bbox 1108 973 1193 1054; x_wconf 91' lang='lat' dir='ltr'><strong>quod</strong></span> <span class='ocrx_word' id='word_1_34' title='bbox 1214 992 1273 1056; x_wconf 90' lang='lat' dir='ltr'><strong>pro</strong></span> <span class='ocrx_word' id='word_1_35' title='bbox 1292 971 1405 1036; x_wconf 87' lang='lat' dir='ltr'><strong>innata</strong></span> 
     </span>
     <span class='ocr_line' id='line_1_6' title="bbox 212 1072 1407 1159; baseline 0.003 -21"><span class='ocrx_word' id='word_1_36' title='bbox 212 1073 340 1138; x_wconf 87' lang='lat' dir='ltr'><strong>Graecis</strong></span> <span class='ocrx_word' id='word_1_37' title='bbox 369 1073 543 1157; x_wconf 89' lang='lat' dir='ltr'><strong>cupiditate</strong></span> <span class='ocrx_word' id='word_1_38' title='bbox 569 1074 737 1159; x_wconf 91' lang='lat' dir='ltr'><strong>studioque</strong></span> <span class='ocrx_word' id='word_1_39' title='bbox 767 1072 900 1140; x_wconf 87' lang='lat' dir='ltr'><strong>fallendi</strong></span> <span class='ocrx_word' id='word_1_40' title='bbox 928 1075 997 1140; x_wconf 87' lang='lat' dir='ltr'><strong>sine</strong></span> <span class='ocrx_word' id='word_1_41' title='bbox 1020 1076 1118 1141; x_wconf 88' lang='lat' dir='ltr'><strong>dubio</strong></span> <span class='ocrx_word' id='word_1_42' title='bbox 1143 1097 1209 1141; x_wconf 90' lang='lat' dir='ltr'><strong>non</strong></span> <span class='ocrx_word' id='word_1_43' title='bbox 1232 1078 1407 1143; x_wconf 76' lang='lat' dir='ltr'><strong>excellebat</strong></span> 
     </span>
     <span class='ocr_line' id='line_1_7' title="bbox 210 1178 1405 1266; baseline 0.004 -23"><span class='ocrx_word' id='word_1_44' title='bbox 210 1178 371 1264; x_wconf 78' lang='lat' dir='ltr'><strong>probitate</strong></span> <span class='ocrx_word' id='word_1_45' title='bbox 401 1183 434 1245; x_wconf 90' lang='lat' dir='ltr'><strong>et</strong></span> <span class='ocrx_word' id='word_1_46' title='bbox 457 1180 654 1263; x_wconf 79' lang='lat' dir='ltr'><strong>integritate.</strong></span> <span class='ocrx_word' id='word_1_47' title='bbox 680 1178 803 1246; x_wconf 79' lang='lat' dir='ltr'><strong>Contra</strong></span> <span class='ocrx_word' id='word_1_48' title='bbox 828 1202 845 1244; x_wconf 94' lang='lat' dir='ltr'><strong>e</strong></span> <span class='ocrx_word' id='word_1_49' title='bbox 869 1181 962 1266; x_wconf 89' lang='lat' dir='ltr'><strong>plebe</strong></span> <span class='ocrx_word' id='word_1_50' title='bbox 985 1181 1080 1246; x_wconf 90' lang='lat' dir='ltr'><strong>multi</strong></span> <span class='ocrx_word' id='word_1_51' title='bbox 1103 1183 1215 1249; x_wconf 89' lang='lat' dir='ltr'><strong>iisdem</strong></span> <span class='ocrx_word' id='word_1_52' title='bbox 1238 1184 1330 1248; x_wconf 89' lang='lat' dir='ltr'><strong>bellis</strong></span> <span class='ocrx_word' id='word_1_53' title='bbox 1354 1184 1405 1248; x_wconf 93' lang='lat' dir='ltr'><strong>in·</strong></span> 
     </span>
     <span class='ocr_line' id='line_1_8' title="bbox 211 1287 1406 1374; baseline 0.003 -23"><span class='ocrx_word' id='word_1_54' title='bbox 211 1287 343 1371; x_wconf 83' lang='lat' dir='ltr'><strong>genium</strong></span> <span class='ocrx_word' id='word_1_55' title='bbox 372 1306 548 1371; x_wconf 79' lang='lat' dir='ltr'><strong>corpusque</strong></span> <span class='ocrx_word' id='word_1_56' title='bbox 579 1289 801 1365; x_wconf 85' lang='lat' dir='ltr'><strong>exercuerant,</strong></span> <span class='ocrx_word' id='word_1_57' title='bbox 832 1287 990 1372; x_wconf 88' lang='lat' dir='ltr'><strong>variisque</strong></span> <span class='ocrx_word' id='word_1_58' title='bbox 1021 1288 1185 1353; x_wconf 76' lang='lat' dir='ltr'><strong>laboribus</strong></span> <span class='ocrx_word' id='word_1_59' title='bbox 1217 1289 1309 1374; x_wconf 85' lang='lat' dir='ltr'><strong>quasi</strong></span> <span class='ocrx_word' id='word_1_60' title='bbox 1331 1290 1406 1354; x_wconf 90' lang='lat' dir='ltr'><strong>edu·</strong></span> 
     </span>
     <span class='ocr_line' id='line_1_9' title="bbox 211 1391 1406 1460; baseline 0.003 -3"><span class='ocrx_word' id='word_1_61' title='bbox 211 1393 274 1457; x_wconf 90' lang='lat' dir='ltr'><strong>cati</strong></span> <span class='ocrx_word' id='word_1_62' title='bbox 298 1397 330 1456; x_wconf 88' lang='lat' dir='ltr'><strong>et</strong></span> <span class='ocrx_word' id='word_1_63' title='bbox 353 1391 471 1457; x_wconf 85' lang='lat' dir='ltr'><strong>exculti</strong></span> <span class='ocrx_word' id='word_1_64' title='bbox 495 1392 702 1457; x_wconf 88' lang='lat' dir='ltr'><strong>ostenderant</strong></span> <span class='ocrx_word' id='word_1_65' title='bbox 725 1414 758 1456; x_wconf 89' lang='lat' dir='ltr'><strong>se</strong></span> <span class='ocrx_word' id='word_1_66' title='bbox 781 1392 954 1458; x_wconf 79' lang='lat' dir='ltr'><strong>virtutibus</strong></span> <span class='ocrx_word' id='word_1_67' title='bbox 977 1394 1090 1459; x_wconf 90' lang='lat' dir='ltr'><strong>ceteris</strong></span> <span class='ocrx_word' id='word_1_68' title='bbox 1114 1395 1238 1460; x_wconf 84' lang='lat' dir='ltr'><strong>civibus</strong></span> <span class='ocrx_word' id='word_1_69' title='bbox 1263 1416 1329 1460; x_wconf 92' lang='lat' dir='ltr'><strong>non</strong></span> <span class='ocrx_word' id='word_1_70' title='bbox 1354 1395 1406 1460; x_wconf 88' lang='lat' dir='ltr'><strong>in·</strong></span> 
     </span>
     <span class='ocr_line' id='line_1_10' title="bbox 212 1496 1404 1586; baseline 0.002 -24"><span class='ocrx_word' id='word_1_71' title='bbox 212 1497 342 1562; x_wconf 74' lang='lat' dir='ltr'><strong>seriores</strong></span> <span class='ocrx_word' id='word_1_72' title='bbox 360 1519 435 1563; x_wconf 88' lang='lat' dir='ltr'><strong>esse.</strong></span> <span class='ocrx_word' id='word_1_73' title='bbox 455 1496 531 1562; x_wconf 92' lang='lat' dir='ltr'><strong>Non</strong></span> <span class='ocrx_word' id='word_1_74' title='bbox 551 1497 687 1582; x_wconf 88' lang='lat' dir='ltr'><strong>amplius</strong></span> <span class='ocrx_word' id='word_1_75' title='bbox 707 1517 783 1582; x_wconf 84' lang='lat' dir='ltr'><strong>ergo</strong></span> <span class='ocrx_word' id='word_1_76' title='bbox 795 1499 943 1563; x_wconf 89' lang='lat' dir='ltr'><strong>ordinum</strong></span> <span class='ocrx_word' id='word_1_77' title='bbox 956 1499 1039 1563; x_wconf 88' lang='lat' dir='ltr'><strong>ratio</strong></span> <span class='ocrx_word' id='word_1_78' title='bbox 1053 1503 1187 1565; x_wconf 89' lang='lat' dir='ltr'><strong>naturae</strong></span> <span class='ocrx_word' id='word_1_79' title='bbox 1198 1500 1404 1586; x_wconf 81' lang='lat' dir='ltr'><strong>congruebat.</strong></span> 
     </span>
     <span class='ocr_line' id='line_1_11' title="bbox 190 1603 1407 1691; baseline 0.002 -23"><span class='ocrx_word' id='word_1_80' title='bbox 190 1605 194 1612; x_wconf 84' lang='lat'>&#39;</span> <span class='ocrx_word' id='word_1_81' title='bbox 212 1604 398 1687; x_wconf 80' lang='lat' dir='ltr'><strong>Apparebat</strong></span> <span class='ocrx_word' id='word_1_82' title='bbox 421 1624 488 1667; x_wconf 94' lang='lat' dir='ltr'><strong>non</strong></span> <span class='ocrx_word' id='word_1_83' title='bbox 512 1623 583 1679; x_wconf 86' lang='lat' dir='ltr'><strong>eos,</strong></span> <span class='ocrx_word' id='word_1_84' title='bbox 604 1603 659 1688; x_wconf 93' lang='lat' dir='ltr'><strong>qni</strong></span> <span class='ocrx_word' id='word_1_85' title='bbox 679 1623 795 1686; x_wconf 80' lang='lat' dir='ltr'><strong>genere</strong></span> <span class='ocrx_word' id='word_1_86' title='bbox 815 1607 873 1668; x_wconf 90' lang='lat' dir='ltr'><strong>aut</strong></span> <span class='ocrx_word' id='word_1_87' title='bbox 891 1603 1058 1688; x_wconf 89' lang='lat' dir='ltr'><strong>opulentia</strong></span> <span class='ocrx_word' id='word_1_88' title='bbox 1076 1605 1246 1685; x_wconf 84' lang='lat' dir='ltr'><strong>florerent,</strong></span> <span class='ocrx_word' id='word_1_89' title='bbox 1268 1607 1407 1691; x_wconf 91' lang='lat' dir='ltr'><strong>optimos</strong></span> 
     </span>
     <span class='ocr_line' id='line_1_12' title="bbox 213 1708 1407 1793; baseline 0.003 -21"><span class='ocrx_word' id='word_1_90' title='bbox 213 1729 279 1772; x_wconf 87' lang='lat' dir='ltr'><strong>esse</strong></span> <span class='ocrx_word' id='word_1_91' title='bbox 309 1709 410 1786; x_wconf 83' lang='lat' dir='ltr'><strong>cives,</strong></span> <span class='ocrx_word' id='word_1_92' title='bbox 442 1716 537 1792; x_wconf 89' lang='lat' dir='ltr'><strong>atque</strong></span> <span class='ocrx_word' id='word_1_93' title='bbox 564 1708 688 1793; x_wconf 79' lang='lat' dir='ltr'><strong>ingenii</strong></span> <span class='ocrx_word' id='word_1_94' title='bbox 719 1708 868 1773; x_wconf 87' lang='lat' dir='ltr'><strong>laudibus</strong></span> <span class='ocrx_word' id='word_1_95' title='bbox 897 1709 979 1774; x_wconf 88' lang='lat' dir='ltr'><strong>nibil</strong></span> <span class='ocrx_word' id='word_1_96' title='bbox 1011 1732 1077 1776; x_wconf 89' lang='lat' dir='ltr'><strong>esse</strong></span> <span class='ocrx_word' id='word_1_97' title='bbox 1109 1733 1181 1776; x_wconf 91' lang='lat' dir='ltr'><strong>cum</strong></span> <span class='ocrx_word' id='word_1_98' title='bbox 1203 1712 1333 1777; x_wconf 85' lang='lat' dir='ltr'><strong>fortuna</strong></span> <span class='ocrx_word' id='word_1_99' title='bbox 1357 1711 1407 1776; x_wconf 86' lang='lat' dir='ltr'><strong>vel</strong></span> 
     </span>
     <span class='ocr_line' id='line_1_13' title="bbox 212 1812 1408 1901; baseline 0.004 -23"><span class='ocrx_word' id='word_1_100' title='bbox 212 1817 297 1879; x_wconf 85' lang='lat' dir='ltr'><strong>statu</strong></span> <span class='ocrx_word' id='word_1_101' title='bbox 330 1814 424 1880; x_wconf 84' lang='lat' dir='ltr'><strong>cirili.</strong></span> <span class='ocrx_word' id='word_1_102' title='bbox 458 1812 562 1889; x_wconf 84' lang='lat' dir='ltr'><strong>Quum</strong></span> <span class='ocrx_word' id='word_1_103' title='bbox 594 1817 701 1878; x_wconf 90' lang='lat' dir='ltr'><strong>tamen</strong></span> <span class='ocrx_word' id='word_1_104' title='bbox 733 1813 799 1890; x_wconf 90' lang='lat' dir='ltr'><strong>illi,</strong></span> <span class='ocrx_word' id='word_1_105' title='bbox 832 1818 869 1878; x_wconf 90' lang='lat' dir='ltr'><strong>ut</strong></span> <span class='ocrx_word' id='word_1_106' title='bbox 900 1815 1039 1893; x_wconf 88' lang='lat' dir='ltr'><strong>adsolet,</strong></span> <span class='ocrx_word' id='word_1_107' title='bbox 1064 1816 1210 1901; x_wconf 86' lang='lat' dir='ltr'><strong>plurimis</strong></span> <span class='ocrx_word' id='word_1_108' title='bbox 1234 1817 1408 1882; x_wconf 89' lang='lat' dir='ltr'><strong>honoribus</strong></span> 
     </span>
     <span class='ocr_line' id='line_1_14' title="bbox 213 1919 1408 2008; baseline 0.005 -24"><span class='ocrx_word' id='word_1_109' title='bbox 213 1921 321 1985; x_wconf 89' lang='lat' dir='ltr'><strong>ornari</strong></span> <span class='ocrx_word' id='word_1_110' title='bbox 350 1924 537 2005; x_wconf 79' lang='lat' dir='ltr'><strong>pergerent,</strong></span> <span class='ocrx_word' id='word_1_111' title='bbox 568 1919 712 1984; x_wconf 87' lang='lat' dir='ltr'><strong>homines</strong></span> <span class='ocrx_word' id='word_1_112' title='bbox 735 1920 823 1984; x_wconf 90' lang='lat' dir='ltr'><strong>acuti</strong></span> <span class='ocrx_word' id='word_1_113' title='bbox 845 1919 929 1984; x_wconf 87' lang='lat' dir='ltr'><strong>hanc</strong></span> <span class='ocrx_word' id='word_1_114' title='bbox 952 1921 1144 2006; x_wconf 84' lang='lat' dir='ltr'><strong>injustitiam</strong></span> <span class='ocrx_word' id='word_1_115' title='bbox 1167 1924 1330 2008; x_wconf 80' lang='lat' dir='ltr'><strong>indignati</strong></span> <span class='ocrx_word' id='word_1_116' title='bbox 1353 1945 1408 1990; x_wconf 91' lang='lat' dir='ltr'><strong>co·</strong></span> 
     </span>
     <span class='ocr_line' id='line_1_15' title="bbox 213 2023 1408 2111; baseline 0.004 -21"><span class='ocrx_word' id='word_1_117' title='bbox 213 2027 347 2111; x_wconf 56' lang='lat' dir='ltr'><strong>gitaum</strong></span> <span class='ocrx_word' id='word_1_118' title='bbox 380 2024 590 2090; x_wconf 87' lang='lat' dir='ltr'><strong>inveniebant</strong></span> <span class='ocrx_word' id='word_1_119' title='bbox 620 2024 769 2088; x_wconf 90' lang='lat' dir='ltr'><strong>instituta</strong></span> <span class='ocrx_word' id='word_1_120' title='bbox 802 2023 944 2089; x_wconf 89' lang='lat' dir='ltr'><strong>humana</strong></span> <span class='ocrx_word' id='word_1_121' title='bbox 974 2025 1084 2091; x_wconf 90' lang='lat' dir='ltr'><strong>multis</strong></span> <span class='ocrx_word' id='word_1_122' title='bbox 1103 2027 1138 2090; x_wconf 94' lang='lat' dir='ltr'><strong>in</strong></span> <span class='ocrx_word' id='word_1_123' title='bbox 1157 2029 1252 2093; x_wconf 90' lang='lat' dir='ltr'><strong>rebus</strong></span> <span class='ocrx_word' id='word_1_124' title='bbox 1274 2032 1408 2094; x_wconf 85' lang='lat' dir='ltr'><strong>naturae</strong></span> 
     </span>
     <span class='ocr_line' id='line_1_16' title="bbox 212 2130 1408 2216; baseline 0.004 -20"><span class='ocrx_word' id='word_1_125' title='bbox 212 2150 408 2216; x_wconf 83' lang='lat' dir='ltr'><strong>repugnare:</strong></span> <span class='ocrx_word' id='word_1_126' title='bbox 442 2152 529 2195; x_wconf 91' lang='lat' dir='ltr'><strong>nunc</strong></span> <span class='ocrx_word' id='word_1_127' title='bbox 560 2130 706 2206; x_wconf 78' lang='lat' dir='ltr'><strong>homines</strong></span> <span class='ocrx_word' id='word_1_128' title='bbox 731 2130 898 2195; x_wconf 87' lang='lat' dir='ltr'><strong>ordinibus</strong></span> <span class='ocrx_word' id='word_1_129' title='bbox 929 2132 963 2195; x_wconf 91' lang='lat' dir='ltr'><strong>et</strong></span> <span class='ocrx_word' id='word_1_130' title='bbox 988 2133 1124 2215; x_wconf 88' lang='lat' dir='ltr'><strong>pecunia</strong></span> <span class='ocrx_word' id='word_1_131' title='bbox 1148 2133 1301 2200; x_wconf 87' lang='lat' dir='ltr'><strong>discretos</strong></span> <span class='ocrx_word' id='word_1_132' title='bbox 1325 2157 1408 2213; x_wconf 88' lang='lat' dir='ltr'><strong>esse,</strong></span> 
     </span>
     <span class='ocr_line' id='line_1_17' title="bbox 212 2236 1408 2326; baseline 0.005 -26"><span class='ocrx_word' id='word_1_133' title='bbox 212 2237 307 2302; x_wconf 91' lang='lat' dir='ltr'><strong>initio</strong></span> <span class='ocrx_word' id='word_1_134' title='bbox 330 2259 423 2322; x_wconf 87' lang='lat' dir='ltr'><strong>pares</strong></span> <span class='ocrx_word' id='word_1_135' title='bbox 446 2237 560 2314; x_wconf 77' lang='lat' dir='ltr'><strong>fuisse3</strong></span> <span class='ocrx_word' id='word_1_136' title='bbox 587 2259 689 2321; x_wconf 90' lang='lat' dir='ltr'><strong>neque</strong></span> <span class='ocrx_word' id='word_1_137' title='bbox 711 2236 750 2301; x_wconf 90' lang='lat' dir='ltr'><strong>iis</strong></span> <span class='ocrx_word' id='word_1_138' title='bbox 774 2236 947 2321; x_wconf 90' lang='lat' dir='ltr'><strong>quidquam</strong></span> <span class='ocrx_word' id='word_1_139' title='bbox 972 2259 1044 2303; x_wconf 88' lang='lat' dir='ltr'><strong>vere</strong></span> <span class='ocrx_word' id='word_1_140' title='bbox 1067 2240 1231 2324; x_wconf 87' lang='lat' dir='ltr'><strong>proprium</strong></span> <span class='ocrx_word' id='word_1_141' title='bbox 1254 2263 1322 2306; x_wconf 91' lang='lat' dir='ltr'><strong>esse</strong></span> <span class='ocrx_word' id='word_1_142' title='bbox 1344 2262 1408 2326; x_wconf 87' lang='lat' dir='ltr'><strong>quo</strong></span> 
     </span>
     <span class='ocr_line' id='line_1_18' title="bbox 213 2341 1247 2428; baseline 0.004 -21"><span class='ocrx_word' id='word_1_143' title='bbox 213 2344 294 2407; x_wconf 89' lang='lat' dir='ltr'><strong>alter</strong></span> <span class='ocrx_word' id='word_1_144' title='bbox 317 2343 452 2407; x_wconf 82' lang='lat' dir='ltr'><strong>alterum</strong></span> <span class='ocrx_word' id='word_1_145' title='bbox 475 2348 621 2427; x_wconf 87' lang='lat' dir='ltr'><strong>superet,</strong></span> <span class='ocrx_word' id='word_1_146' title='bbox 645 2342 708 2406; x_wconf 91' lang='lat' dir='ltr'><strong>nisi</strong></span> <span class='ocrx_word' id='word_1_147' title='bbox 730 2341 852 2427; x_wconf 83' lang='lat' dir='ltr'><strong>ingenii</strong></span> <span class='ocrx_word' id='word_1_148' title='bbox 875 2343 1078 2428; x_wconf 88' lang='lat' dir='ltr'><strong>corporisque</strong></span> <span class='ocrx_word' id='word_1_149' title='bbox 1102 2344 1247 2412; x_wconf 86' lang='lat' dir='ltr'><strong>virtutes.</strong></span> 
     </span>
    </p>

    <p class='ocr_par' dir='ltr' id='par_1_4' title="bbox 213 2447 1410 2851">
     <span class='ocr_line' id='line_1_19' title="bbox 260 2447 1407 2533; baseline 0.005 -20"><span class='ocrx_word' id='word_1_150' title='bbox 260 2447 345 2513; x_wconf 92' lang='lat' dir='ltr'><strong>Olim</strong></span> <span class='ocrx_word' id='word_1_151' title='bbox 367 2449 469 2532; x_wconf 82' lang='lat' dir='ltr'><strong>igitur</strong></span> <span class='ocrx_word' id='word_1_152' title='bbox 491 2449 639 2512; x_wconf 90' lang='lat' dir='ltr'><strong>ordinum</strong></span> <span class='ocrx_word' id='word_1_153' title='bbox 663 2449 746 2512; x_wconf 90' lang='lat' dir='ltr'><strong>ratio</strong></span> <span class='ocrx_word' id='word_1_154' title='bbox 770 2448 909 2512; x_wconf 89' lang='lat' dir='ltr'><strong>naturali</strong></span> <span class='ocrx_word' id='word_1_155' title='bbox 932 2450 1070 2533; x_wconf 89' lang='lat' dir='ltr'><strong>quadam</strong></span> <span class='ocrx_word' id='word_1_156' title='bbox 1093 2450 1299 2517; x_wconf 88' lang='lat' dir='ltr'><strong>distinctione</strong></span> <span class='ocrx_word' id='word_1_157' title='bbox 1323 2453 1407 2518; x_wconf 91' lang='lat' dir='ltr'><strong>nite·</strong></span> 
     </span>
     <span class='ocr_line' id='line_1_20' title="bbox 213 2554 1410 2643; baseline 0.006 -25"><span class='ocrx_word' id='word_1_158' title='bbox 213 2555 324 2633; x_wconf 90' lang='lat' dir='ltr'><strong>batur,</strong></span> <span class='ocrx_word' id='word_1_159' title='bbox 346 2577 410 2640; x_wconf 91' lang='lat' dir='ltr'><strong>quo</strong></span> <span class='ocrx_word' id='word_1_160' title='bbox 435 2554 555 2619; x_wconf 87' lang='lat' dir='ltr'><strong>factum</strong></span> <span class='ocrx_word' id='word_1_161' title='bbox 580 2560 628 2619; x_wconf 92' lang='lat' dir='ltr'><strong>est</strong></span> <span class='ocrx_word' id='word_1_162' title='bbox 650 2559 686 2620; x_wconf 92' lang='lat' dir='ltr'><strong>ut</strong></span> <span class='ocrx_word' id='word_1_163' title='bbox 710 2575 803 2620; x_wconf 89' lang='lat' dir='ltr'><strong>nemo</strong></span> <span class='ocrx_word' id='word_1_164' title='bbox 827 2575 896 2618; x_wconf 91' lang='lat' dir='ltr'><strong>eam</strong></span> <span class='ocrx_word' id='word_1_165' title='bbox 916 2557 1060 2631; x_wconf 90' lang='lat' dir='ltr'><strong>roderet;</strong></span> <span class='ocrx_word' id='word_1_166' title='bbox 1082 2578 1169 2622; x_wconf 89' lang='lat' dir='ltr'><strong>nuuc</strong></span> <span class='ocrx_word' id='word_1_167' title='bbox 1188 2578 1264 2623; x_wconf 84' lang='lat' dir='ltr'><strong>rere</strong></span> <span class='ocrx_word' id='word_1_168' title='bbox 1276 2560 1410 2643; x_wconf 91' lang='lat' dir='ltr'><strong>opinata</strong></span> 
     </span>
     <span class='ocr_line' id='line_1_21' title="bbox 214 2660 1410 2748; baseline 0.004 -23"><span class='ocrx_word' id='word_1_169' title='bbox 214 2664 246 2725; x_wconf 93' lang='lat' dir='ltr'><strong>et</strong></span> <span class='ocrx_word' id='word_1_170' title='bbox 275 2683 360 2725; x_wconf 82' lang='lat' dir='ltr'><strong>rana</strong></span> <span class='ocrx_word' id='word_1_171' title='bbox 383 2664 468 2739; x_wconf 85' lang='lat' dir='ltr'><strong>erat;</strong></span> <span class='ocrx_word' id='word_1_172' title='bbox 495 2682 592 2744; x_wconf 90' lang='lat' dir='ltr'><strong>quare</strong></span> <span class='ocrx_word' id='word_1_173' title='bbox 615 2682 680 2726; x_wconf 90' lang='lat' dir='ltr'><strong>non</strong></span> <span class='ocrx_word' id='word_1_174' title='bbox 706 2661 858 2726; x_wconf 87' lang='lat' dir='ltr'><strong>miramur</strong></span> <span class='ocrx_word' id='word_1_175' title='bbox 881 2660 931 2726; x_wconf 88' lang='lat' dir='ltr'><strong>his</strong></span> <span class='ocrx_word' id='word_1_176' title='bbox 953 2661 1080 2727; x_wconf 88' lang='lat' dir='ltr'><strong>demum</strong></span> <span class='ocrx_word' id='word_1_177' title='bbox 1104 2664 1303 2748; x_wconf 83' lang='lat' dir='ltr'><strong>temporibus</strong></span> <span class='ocrx_word' id='word_1_178' title='bbox 1326 2665 1410 2730; x_wconf 84' lang='lat' dir='ltr'><strong>divi·</strong></span> 
     </span>
     <span class='ocr_line' id='line_1_22' title="bbox 213 2765 964 2851; baseline 0.001 -21"><span class='ocrx_word' id='word_1_179' title='bbox 213 2769 274 2830; x_wconf 89' lang='lat' dir='ltr'><strong>tias</strong></span> <span class='ocrx_word' id='word_1_180' title='bbox 297 2765 562 2849; x_wconf 86' lang='lat' dir='ltr'><strong>nobilitatemque</strong></span> <span class='ocrx_word' id='word_1_181' title='bbox 585 2769 713 2850; x_wconf 90' lang='lat' dir='ltr'><strong>coeptas</strong></span> <span class='ocrx_word' id='word_1_182' title='bbox 736 2787 804 2830; x_wconf 88' lang='lat' dir='ltr'><strong>esse</strong></span> <span class='ocrx_word' id='word_1_183' title='bbox 826 2766 964 2851; x_wconf 88' lang='lat' dir='ltr'><strong>explodi.</strong></span> 
     </span>
    </p>

    <p class='ocr_par' dir='ltr' id='par_1_5' title="bbox 212 2870 1410 3381">
     <span class='ocr_line' id='line_1_23' title="bbox 258 2870 1410 2956; baseline 0.005 -20"><span class='ocrx_word' id='word_1_184' title='bbox 258 2870 371 2937; x_wconf 88' lang='lat' dir='ltr'><strong>Omnis</strong></span> <span class='ocrx_word' id='word_1_185' title='bbox 401 2872 504 2956; x_wconf 77' lang='lat' dir='ltr'><strong>igitur</strong></span> <span class='ocrx_word' id='word_1_186' title='bbox 534 2871 689 2936; x_wconf 83' lang='lat' dir='ltr'><strong>eiusmodi</strong></span> <span class='ocrx_word' id='word_1_187' title='bbox 723 2873 833 2956; x_wconf 92' lang='lat' dir='ltr'><strong>opinio</strong></span> <span class='ocrx_word' id='word_1_188' title='bbox 865 2872 982 2938; x_wconf 89' lang='lat' dir='ltr'><strong>nititur</strong></span> <span class='ocrx_word' id='word_1_189' title='bbox 1013 2875 1221 2940; x_wconf 90' lang='lat' dir='ltr'><strong>distinctione</strong></span> <span class='ocrx_word' id='word_1_190' title='bbox 1253 2877 1344 2956; x_wconf 71' lang='grc' dir='ltr'><strong><em>νόμον</em></strong></span> <span class='ocrx_word' id='word_1_191' title='bbox 1377 2882 1410 2942; x_wconf 93' lang='lat' dir='ltr'><strong>et</strong></span> 
     </span>
     <span class='ocr_line' id='line_1_24' title="bbox 212 2977 1409 3066; baseline 0.003 -23"><span class='ocrx_word' id='word_1_192' title='bbox 212 2977 357 3058; x_wconf 74' lang='grc' dir='ltr'><strong><em>Φύσεως,</em></strong></span> <span class='ocrx_word' id='word_1_193' title='bbox 374 2979 402 3044; x_wconf 89' lang='lat' dir='ltr'><strong>si</strong></span> <span class='ocrx_word' id='word_1_194' title='bbox 421 2981 566 3042; x_wconf 87' lang='lat' dir='ltr'><strong>accurate</strong></span> <span class='ocrx_word' id='word_1_195' title='bbox 584 2977 766 3052; x_wconf 87' lang='lat' dir='ltr'><strong>intuemur;</strong></span> <span class='ocrx_word' id='word_1_196' title='bbox 786 2978 840 3043; x_wconf 87' lang='lat' dir='ltr'><strong>sed</strong></span> <span class='ocrx_word' id='word_1_197' title='bbox 861 2978 947 3042; x_wconf 88' lang='lat' dir='ltr'><strong>aliud</strong></span> <span class='ocrx_word' id='word_1_198' title='bbox 967 2983 1016 3044; x_wconf 91' lang='lat' dir='ltr'><strong>est</strong></span> <span class='ocrx_word' id='word_1_199' title='bbox 1036 3002 1136 3044; x_wconf 89' lang='lat' dir='ltr'><strong>unum</strong></span> <span class='ocrx_word' id='word_1_200' title='bbox 1156 2983 1338 3066; x_wconf 86' lang='lat' dir='ltr'><strong>exemplum</strong></span> <span class='ocrx_word' id='word_1_201' title='bbox 1349 2983 1409 3047; x_wconf 91' lang='lat' dir='ltr'><strong>ob·</strong></span> 
     </span>
     <span class='ocr_line' id='line_1_25' title="bbox 213 3081 1410 3168; baseline 0.001 -18"><span class='ocrx_word' id='word_1_202' title='bbox 213 3105 337 3150; x_wconf 85' lang='lat' dir='ltr'><strong>servare</strong></span> <span class='ocrx_word' id='word_1_203' title='bbox 367 3087 399 3148; x_wconf 90' lang='lat' dir='ltr'><strong>et</strong></span> <span class='ocrx_word' id='word_1_204' title='bbox 429 3083 504 3147; x_wconf 91' lang='lat' dir='ltr'><strong>inde</strong></span> <span class='ocrx_word' id='word_1_205' title='bbox 535 3081 652 3146; x_wconf 91' lang='lat' dir='ltr'><strong>sensim</strong></span> <span class='ocrx_word' id='word_1_206' title='bbox 684 3085 724 3147; x_wconf 90' lang='lat' dir='ltr'><strong>ad</strong></span> <span class='ocrx_word' id='word_1_207' title='bbox 749 3105 818 3147; x_wconf 88' lang='lat' dir='ltr'><strong>eam</strong></span> <span class='ocrx_word' id='word_1_208' title='bbox 843 3082 1021 3148; x_wconf 86' lang='lat' dir='ltr'><strong>doctrinam</strong></span> <span class='ocrx_word' id='word_1_209' title='bbox 1046 3086 1230 3168; x_wconf 86' lang='lat' dir='ltr'><strong>pervenire,</strong></span> <span class='ocrx_word' id='word_1_210' title='bbox 1254 3092 1291 3152; x_wconf 94' lang='lat' dir='ltr'><strong>ut</strong></span> <span class='ocrx_word' id='word_1_211' title='bbox 1313 3086 1410 3151; x_wconf 80' lang='lat' dir='ltr'><strong>Euri·</strong></span> 
     </span>
     <span class='ocr_line' id='line_1_26' title="bbox 213 3188 1409 3277; baseline 0.003 -22"><span class='ocrx_word' id='word_1_212' title='bbox 213 3191 303 3276; x_wconf 88' lang='lat' dir='ltr'><strong>pidee</strong></span> <span class='ocrx_word' id='word_1_213' title='bbox 326 3189 437 3255; x_wconf 85' lang='lat' dir='ltr'><strong>fecisse</strong></span> <span class='ocrx_word' id='word_1_214' title='bbox 461 3189 604 3265; x_wconf 83' lang='lat' dir='ltr'><strong>ridetur,</strong></span> <span class='ocrx_word' id='word_1_215' title='bbox 629 3188 715 3253; x_wconf 89' lang='lat' dir='ltr'><strong>aliud</strong></span> <span class='ocrx_word' id='word_1_216' title='bbox 738 3189 918 3254; x_wconf 89' lang='lat' dir='ltr'><strong>doctrinam</strong></span> <span class='ocrx_word' id='word_1_217' title='bbox 941 3211 1120 3275; x_wconf 90' lang='lat' dir='ltr'><strong>proponere</strong></span> <span class='ocrx_word' id='word_1_218' title='bbox 1143 3191 1282 3277; x_wconf 89' lang='lat' dir='ltr'><strong>indeque</strong></span> <span class='ocrx_word' id='word_1_219' title='bbox 1304 3193 1409 3259; x_wconf 73' lang='lat' dir='ltr'><strong>ramas</strong></span> 
     </span>
     <span class='ocr_line' id='line_1_27' title="bbox 213 3293 1184 3381; baseline 0 -20"><span class='ocrx_word' id='word_1_220' title='bbox 213 3296 451 3361; x_wconf 84' lang='lat' dir='ltr'><strong>observationes</strong></span> <span class='ocrx_word' id='word_1_221' title='bbox 473 3294 605 3371; x_wconf 90' lang='lat' dir='ltr'><strong>ducere,</strong></span> <span class='ocrx_word' id='word_1_222' title='bbox 630 3298 668 3358; x_wconf 93' lang='lat' dir='ltr'><strong>ut</strong></span> <span class='ocrx_word' id='word_1_223' title='bbox 691 3294 836 3360; x_wconf 84' lang='lat' dir='ltr'><strong>lecerunt</strong></span> <span class='ocrx_word' id='word_1_224' title='bbox 859 3293 1021 3380; x_wconf 88' lang='lat' dir='ltr'><strong>sophistae</strong></span> <span class='ocrx_word' id='word_1_225' title='bbox 1043 3297 1184 3381; x_wconf 91' lang='lat' dir='ltr'><strong>quidam.</strong></span> 
     </span>
    </p>
   </div>
   <div class='ocr_carea' id='block_1_4' title="bbox 215 3508 1413 4441">
    <p class='ocr_par' dir='ltr' id='par_1_6' title="bbox 215 3508 1409 3702">
     <span class='ocr_line' id='line_1_28' title="bbox 260 3508 1409 3597; baseline 0.002 -21"><span class='ocrx_word' id='word_1_226' title='bbox 260 3509 381 3576; x_wconf 84' lang='lat' dir='ltr'><strong>Verum</strong></span> <span class='ocrx_word' id='word_1_227' title='bbox 413 3509 446 3575; x_wconf 90' lang='lat' dir='ltr'><strong>id</strong></span> <span class='ocrx_word' id='word_1_228' title='bbox 478 3509 608 3574; x_wconf 85' lang='lat' dir='ltr'><strong>maximi</strong></span> <span class='ocrx_word' id='word_1_229' title='bbox 633 3511 786 3576; x_wconf 91' lang='lat' dir='ltr'><strong>momenti</strong></span> <span class='ocrx_word' id='word_1_230' title='bbox 808 3510 843 3575; x_wconf 92' lang='lat' dir='ltr'><strong>in</strong></span> <span class='ocrx_word' id='word_1_231' title='bbox 871 3508 931 3576; x_wconf 89' lang='lat' dir='ltr'><strong>hac</strong></span> <span class='ocrx_word' id='word_1_232' title='bbox 955 3509 1141 3597; x_wconf 84' lang='lat' dir='ltr'><strong>quaestione</strong></span> <span class='ocrx_word' id='word_1_233' title='bbox 1165 3534 1232 3578; x_wconf 86' lang='lat' dir='ltr'><strong>esse</strong></span> <span class='ocrx_word' id='word_1_234' title='bbox 1254 3513 1409 3593; x_wconf 87' lang='lat' dir='ltr'><strong>arbitror,</strong></span> 
     </span>
     <span class='ocr_line' id='line_1_29' title="bbox 215 3616 1114 3702; baseline 0.002 -21"><span class='ocrx_word' id='word_1_235' title='bbox 215 3622 321 3682; x_wconf 90' lang='lat' dir='ltr'><strong>utrum</strong></span> <span class='ocrx_word' id='word_1_236' title='bbox 345 3617 506 3681; x_wconf 86' lang='lat' dir='ltr'><strong>sententia</strong></span> <span class='ocrx_word' id='word_1_237' title='bbox 528 3616 585 3680; x_wconf 92' lang='lat' dir='ltr'><strong>illa</strong></span> <span class='ocrx_word' id='word_1_238' title='bbox 608 3616 704 3680; x_wconf 91' lang='lat' dir='ltr'><strong>etiam</strong></span> <span class='ocrx_word' id='word_1_239' title='bbox 728 3619 769 3680; x_wconf 85' lang='lat' dir='ltr'><strong>ad</strong></span> <span class='ocrx_word' id='word_1_240' title='bbox 793 3617 923 3681; x_wconf 86' lang='lat' dir='ltr'><strong>servitia</strong></span> <span class='ocrx_word' id='word_1_241' title='bbox 945 3618 1114 3702; x_wconf 88' lang='lat' dir='ltr'><strong>pertineat.</strong></span> 
     </span>
    </p>

    <p class='ocr_par' dir='ltr' id='par_1_7' title="bbox 216 3722 1413 4441">
     <span class='ocr_line' id='line_1_30' title="bbox 259 3722 1407 3808; baseline 0.003 -22"><span class='ocrx_word' id='word_1_242' title='bbox 259 3722 427 3806; x_wconf 82' lang='lat' dir='ltr'><strong>Euripides</strong></span> <span class='ocrx_word' id='word_1_243' title='bbox 456 3726 562 3787; x_wconf 90' lang='lat' dir='ltr'><strong>autem</strong></span> <span class='ocrx_word' id='word_1_244' title='bbox 593 3724 632 3787; x_wconf 90' lang='lat' dir='ltr'><strong>da</strong></span> <span class='ocrx_word' id='word_1_245' title='bbox 664 3723 763 3787; x_wconf 81' lang='lat' dir='ltr'><strong>serris</strong></span> <span class='ocrx_word' id='word_1_246' title='bbox 793 3723 827 3785; x_wconf 93' lang='lat' dir='ltr'><strong>in</strong></span> <span class='ocrx_word' id='word_1_247' title='bbox 859 3725 1174 3808; x_wconf 87' lang='lat' dir='ltr'><strong>utramquepartem</strong></span> <span class='ocrx_word' id='word_1_248' title='bbox 1199 3723 1325 3790; x_wconf 88' lang='lat' dir='ltr'><strong>locutus</strong></span> <span class='ocrx_word' id='word_1_249' title='bbox 1349 3728 1407 3790; x_wconf 87' lang='lat' dir='ltr'><strong>est.</strong></span> 
     </span>
     <span class='ocr_line' id='line_1_31' title="bbox 216 3826 1410 3916; baseline 0.002 -22"><span class='ocrx_word' id='word_1_250' title='bbox 216 3826 378 3912; x_wconf 87' lang='lat' dir='ltr'><strong>Imprimis</strong></span> <span class='ocrx_word' id='word_1_251' title='bbox 409 3831 620 3912; x_wconf 87' lang='lat' dir='ltr'><strong>tyrannorum</strong></span> <span class='ocrx_word' id='word_1_252' title='bbox 653 3849 761 3892; x_wconf 77' lang='lat' dir='ltr'><strong>servos</strong></span> <span class='ocrx_word' id='word_1_253' title='bbox 792 3827 861 3892; x_wconf 89' lang='lat' dir='ltr'><strong>odit</strong></span> <span class='ocrx_word' id='word_1_254' title='bbox 891 3833 924 3891; x_wconf 90' lang='lat' dir='ltr'><strong>et</strong></span> <span class='ocrx_word' id='word_1_255' title='bbox 955 3827 1091 3911; x_wconf 89' lang='lat' dir='ltr'><strong>despicit</strong></span> <span class='ocrx_word' id='word_1_256' title='bbox 1121 3826 1189 3914; x_wconf 90' lang='lat' dir='ltr'><strong>(Or.</strong></span> <span class='ocrx_word' id='word_1_257' title='bbox 1215 3830 1410 3916; x_wconf 77' lang='grc'><strong>888-896,</strong></span> 
     </span>
     <span class='ocr_line' id='line_1_32' title="bbox 216 3931 1410 4021; baseline 0.002 -23"><span class='ocrx_word' id='word_1_258' title='bbox 216 3933 288 3998; x_wconf 64' lang='lat' dir='ltr'><strong>uro.</strong></span> <span class='ocrx_word' id='word_1_259' title='bbox 316 3933 381 3998; x_wconf 84' lang='lat'><strong>425</strong></span> <span class='ocrx_word' id='word_1_260' title='bbox 405 3935 486 4018; x_wconf 82' lang='lat' dir='ltr'><strong>sq),</strong></span> <span class='ocrx_word' id='word_1_261' title='bbox 510 3935 566 3998; x_wconf 88' lang='lat' dir='ltr'><strong>sed</strong></span> <span class='ocrx_word' id='word_1_262' title='bbox 589 3935 622 3996; x_wconf 93' lang='lat' dir='ltr'><strong>et</strong></span> <span class='ocrx_word' id='word_1_263' title='bbox 644 3933 783 4018; x_wconf 87' lang='lat' dir='ltr'><strong>reliquos</strong></span> <span class='ocrx_word' id='word_1_264' title='bbox 805 3933 960 4015; x_wconf 90' lang='lat' dir='ltr'><strong>increpat.</strong></span> <span class='ocrx_word' id='word_1_265' title='bbox 985 3931 1110 3999; x_wconf 79' lang='lat' dir='ltr'><strong>Chorus</strong></span> <span class='ocrx_word' id='word_1_266' title='bbox 1129 3935 1164 3998; x_wconf 94' lang='lat' dir='ltr'><strong>in</strong></span> <span class='ocrx_word' id='word_1_267' title='bbox 1184 3933 1318 4000; x_wconf 89' lang='lat' dir='ltr'><strong>Hecuba</strong></span> <span class='ocrx_word' id='word_1_268' title='bbox 1329 3936 1410 4021; x_wconf 81' lang='lat'><strong>(332</strong></span> 
     </span>
     <span class='ocr_line' id='line_1_33' title="bbox 216 4037 1412 4128; baseline -0.001 -23"><span class='ocrx_word' id='word_1_269' title='bbox 216 4043 278 4128; x_wconf 90' lang='lat' dir='ltr'><strong>sq.)</strong></span> <span class='ocrx_word' id='word_1_270' title='bbox 309 4040 345 4105; x_wconf 81' lang='lat' dir='ltr'><strong>rt</strong></span> <span class='ocrx_word' id='word_1_271' title='bbox 377 4040 482 4106; x_wconf 71' lang='lat' dir='ltr'><strong>acm</strong></span> <span class='ocrx_word' id='word_1_272' title='bbox 507 4059 632 4123; x_wconf 86' lang='lat' dir='ltr'><strong>semper</strong></span> <span class='ocrx_word' id='word_1_273' title='bbox 654 4040 773 4104; x_wconf 86' lang='lat' dir='ltr'><strong>malum</strong></span> <span class='ocrx_word' id='word_1_274' title='bbox 797 4058 864 4102; x_wconf 89' lang='lat' dir='ltr'><strong>esse</strong></span> <span class='ocrx_word' id='word_1_275' title='bbox 888 4037 966 4103; x_wconf 89' lang='lat' dir='ltr'><strong>dicit</strong></span> <span class='ocrx_word' id='word_1_276' title='bbox 989 4039 1065 4125; x_wconf 93' lang='lat' dir='ltr'><strong>quia</strong></span> <span class='ocrx_word' id='word_1_277' title='bbox 1087 4040 1119 4103; x_wconf 86' lang='lat' dir='ltr'><strong>vi</strong></span> <span class='ocrx_word' id='word_1_278' title='bbox 1144 4041 1289 4105; x_wconf 87' lang='lat' dir='ltr'><strong>coactum</strong></span> <span class='ocrx_word' id='word_1_279' title='bbox 1315 4040 1412 4106; x_wconf 91' lang='lat' dir='ltr'><strong>audet</strong></span> 
     </span>
     <span class='ocr_line' id='line_1_34' title="bbox 216 4142 1411 4232; baseline -0.003 -21"><span class='ocrx_word' id='word_1_280' title='bbox 216 4145 320 4211; x_wconf 83' lang='lat' dir='ltr'><strong>lacere</strong></span> <span class='ocrx_word' id='word_1_281' title='bbox 344 4147 429 4232; x_wconf 88' lang='lat' dir='ltr'><strong>quod</strong></span> <span class='ocrx_word' id='word_1_282' title='bbox 454 4145 612 4209; x_wconf 89' lang='lat' dir='ltr'><strong>dedeceat.</strong></span> <span class='ocrx_word' id='word_1_283' title='bbox 650 4143 700 4208; x_wconf 78' lang='lat' dir='ltr'><strong>Elx</strong></span> <span class='ocrx_word' id='word_1_284' title='bbox 725 4145 897 4208; x_wconf 79' lang='lat' dir='ltr'><strong>Alcmeone</strong></span> <span class='ocrx_word' id='word_1_285' title='bbox 922 4146 1008 4227; x_wconf 90' lang='lat' dir='ltr'><strong>apud</strong></span> <span class='ocrx_word' id='word_1_286' title='bbox 1033 4142 1123 4210; x_wconf 86' lang='lat' dir='ltr'><strong>Stcb.</strong></span> <span class='ocrx_word' id='word_1_287' title='bbox 1148 4143 1247 4228; x_wconf 78' lang='lat' dir='ltr'><strong>(Flet.</strong></span> <span class='ocrx_word' id='word_1_288' title='bbox 1273 4145 1327 4224; x_wconf 82' lang='lat'><strong>62,</strong></span> <span class='ocrx_word' id='word_1_289' title='bbox 1352 4145 1411 4232; x_wconf 83' lang='lat'><strong>22)</strong></span> 
     </span>
     <span class='ocr_line' id='line_1_35' title="bbox 218 4249 1413 4337; baseline -0.002 -20"><span class='ocrx_word' id='word_1_290' title='bbox 218 4252 280 4317; x_wconf 89' lang='lat' dir='ltr'><strong>dno</strong></span> <span class='ocrx_word' id='word_1_291' title='bbox 300 4251 452 4337; x_wconf 82' lang='lat' dir='ltr'><strong>leguntur</strong></span> <span class='ocrx_word' id='word_1_292' title='bbox 472 4251 606 4329; x_wconf 86' lang='lat' dir='ltr'><strong>senarii,</strong></span> <span class='ocrx_word' id='word_1_293' title='bbox 626 4250 742 4335; x_wconf 87' lang='lat' dir='ltr'><strong>quibus</strong></span> <span class='ocrx_word' id='word_1_294' title='bbox 761 4249 852 4314; x_wconf 88' lang='lat' dir='ltr'><strong>stulti</strong></span> <span class='ocrx_word' id='word_1_295' title='bbox 869 4254 1026 4314; x_wconf 86' lang='lat' dir='ltr'><strong>vocantur</strong></span> <span class='ocrx_word' id='word_1_296' title='bbox 1038 4250 1092 4336; x_wconf 93' lang='lat' dir='ltr'><strong>qui</strong></span> <span class='ocrx_word' id='word_1_297' title='bbox 1105 4270 1195 4314; x_wconf 85' lang='lat' dir='ltr'><strong>servo</strong></span> <span class='ocrx_word' id='word_1_298' title='bbox 1208 4250 1350 4316; x_wconf 91' lang='lat' dir='ltr'><strong>credant.</strong></span> <span class='ocrx_word' id='word_1_299' title='bbox 1362 4251 1413 4316; x_wconf 80' lang='lat' dir='ltr'><strong>Ex</strong></span> 
     </span>
     <span class='ocr_line' id='line_1_36' title="bbox 219 4354 1410 4441; baseline -0.001 -17"><span class='ocrx_word' id='word_1_300' title='bbox 219 4356 399 4424; x_wconf 76' lang='lat' dir='ltr'><strong>Alexandro</strong></span> <span class='ocrx_word' id='word_1_301' title='bbox 419 4355 531 4422; x_wconf 82' lang='lat' dir='ltr'><strong>tabula</strong></span> <span class='ocrx_word' id='word_1_302' title='bbox 549 4355 705 4441; x_wconf 88' lang='lat' dir='ltr'><strong>plurimae</strong></span> <span class='ocrx_word' id='word_1_303' title='bbox 722 4355 900 4420; x_wconf 88' lang='lat' dir='ltr'><strong>sententiae</strong></span> <span class='ocrx_word' id='word_1_304' title='bbox 921 4354 960 4420; x_wconf 92' lang='lat' dir='ltr'><strong>de</strong></span> <span class='ocrx_word' id='word_1_305' title='bbox 979 4355 1078 4421; x_wconf 87' lang='lat' dir='ltr'><strong>serris</strong></span> <span class='ocrx_word' id='word_1_306' title='bbox 1097 4359 1264 4440; x_wconf 83' lang='lat' dir='ltr'><strong>excerptae</strong></span> <span class='ocrx_word' id='word_1_307' title='bbox 1283 4359 1360 4422; x_wconf 86' lang='lat' dir='ltr'><strong>sunt</strong></span> <span class='ocrx_word' id='word_1_308' title='bbox 1373 4354 1410 4438; x_wconf 85' lang='lat'><strong>¹).</strong></span> 
     </span>
    </p>
   </div>
   <div class='ocr_carea' id='block_1_5' title="bbox 229 4506 390 4518">
    <p class='ocr_par' dir='ltr' id='par_1_8' title="bbox 229 4506 390 4518">
     <span class='ocr_line' id='line_1_37' title="bbox 229 4506 390 4518; baseline 0.019 -3"><span class='ocrx_word' id='word_1_309' title='bbox 229 4508 316 4516; x_wconf 71' lang='lat' dir='ltr'><strong>——na-</strong></span> <span class='ocrx_word' id='word_1_310' title='bbox 322 4506 390 4518; x_wconf 70' lang='lat'><strong>0-</strong></span> 
     </span>
    </p>
   </div>
   <div class='ocr_carea' id='block_1_6' title="bbox 254 4593 1414 4664">
    <p class='ocr_par' dir='ltr' id='par_1_9' title="bbox 254 4593 1414 4664">
     <span class='ocr_line' id='line_1_38' title="bbox 254 4593 1414 4664; baseline 0.004 -21"><span class='ocrx_word' id='word_1_311' title='bbox 254 4595 280 4660; x_wconf 84' lang='grc'><strong>1)</strong></span> <span class='ocrx_word' id='word_1_312' title='bbox 297 4594 351 4644; x_wconf 80' lang='lat' dir='ltr'><strong>Hos</strong></span> <span class='ocrx_word' id='word_1_313' title='bbox 364 4594 428 4645; x_wconf 85' lang='lat' dir='ltr'><strong>enirn</strong></span> <span class='ocrx_word' id='word_1_314' title='bbox 442 4597 495 4646; x_wconf 80' lang='lat' dir='ltr'><strong>erat</strong></span> <span class='ocrx_word' id='word_1_315' title='bbox 509 4597 689 4661; x_wconf 64' lang='lat' dir='ltr'><strong>emmenum</strong></span> <span class='ocrx_word' id='word_1_316' title='bbox 705 4595 840 4648; x_wconf 77' lang='lat' dir='ltr'><strong>Alexander</strong></span> <span class='ocrx_word' id='word_1_317' title='bbox 854 4613 868 4646; x_wconf 82' lang='lat' dir='ltr'><strong>s</strong></span> <span class='ocrx_word' id='word_1_318' title='bbox 881 4593 1414 4664; x_wconf 77' lang='lat' dir='ltr'><strong>parentibmexperitminlane,aprrtarlbur</strong></span> 
     </span>
    </p>
   </div>
   <div class='ocr_carea' id='block_1_7' title="bbox 0 0 1727 5362">
    <p class='ocr_par' dir='ltr' id='par_1_10' title="bbox 0 0 1727 5362">
     <span class='ocr_line' id='line_1_39' title="bbox 0 0 1727 5362; baseline 0 0"><span class='ocrx_word' id='word_1_319' title='bbox 0 0 1727 5362; x_wconf 95' lang='lat' dir='ltr'><strong> </strong></span> 
     </span>
    </p>
   </div>
  </div>
 </body>
</html>
