3422 5362
875 452 937 515 166

353 635 520 702 Praeterea
556 636 715 721 vituperat
746 634 947 700 severitatem
978 637 1011 698 et
1043 633 1215 698 duritatem
1247 652 1324 717 erga
1354 630 1499 698 infelices

308 742 401 827 (Inus
424 743 462 807 fr.
488 743 553 807 410
577 743 659 829 sq.),
684 740 886 806 commendat
912 740 1167 805 misericordium.

558 995 577 1069 ἓ
602 989 632 1055 7.
670 988 753 1069 Quid
774 991 811 1054 dc
833 1010 956 1052 summu
979 989 1091 1052 virtute
1113 989 1248 1053 senserit.

355 1171 425 1236 Hae
456 1171 584 1256 quidem
610 1171 787 1236 sententiae
811 1170 956 1254 singulae
979 1169 1122 1234 excelsae
1145 1172 1241 1254 sunt,
1265 1191 1375 1234 verum
1398 1169 1502 1254 qualis

308 1278 408 1362 igitur
431 1280 544 1363 poetae
569 1299 692 1342 summa
716 1277 818 1341 virtus
841 1278 889 1340 cst
911 1276 1002 1340 vise?
1037 1273 1131 1340 Hanc
1161 1274 1228 1360 ipse
1252 1275 1376 1340 disertis
1399 1274 1503 1340 verbis

309 1407 375 1448 non
399 1384 554 1450 delinivit.
579 1383 759 1469 Supersunt
781 1404 858 1447 sane
882 1381 967 1466 apud
990 1379 1080 1446 Stob.
1106 1381 1189 1466 (flor.
1203 1380 1229 1446 I.
1244 1383 1279 1467 8)
1298 1403 1337 1446 ex
1358 1379 1501 1466 Antiopa

308 1491 386 1557 haec
406 1491 458 1577 (fr.
480 1492 577 1578 219):

488 1606 567 1679 τρεῖς
594 1599 667 1678 εἰσιν
691 1597 819 1676 ἀρεταὶ,
844 1597 902 1670 τὰς
926 1595 1023 1676 χρεών
1046 1598 1075 1660 r'
1089 1597 1213 1671 ἀσκεῖν,
1238 1595 1357 1680 τέκνον,

490 1705 570 1778 θεούς
596 1708 749 1783 tenuris
774 1703 844 1775 τούς
868 1728 902 1768 τε
927 1702 1101 1783 θρέψαντας
1126 1708 1228 1780 γονεῖς

488 1810 595 1886 νόμους
621 1837 657 1876 τε
682 1810 793 1882 κοινοὺς
819 1809 991 1881 Ἑλλάδος·
1017 1809 1069 1874 καὶ
1094 1813 1199 1873 ταῦτα
1224 1807 1295 1886 δρῶν

487 1917 656 1982 κάλλιστον
680 1914 756 1994 ἕξεις
781 1917 937 1995 στέφανον
962 1915 1107 1986 εὐκλείας
1131 1915 1191 1980 risi.

352 2024 472 2090 Verum
496 2023 546 2088 his
570 2023 676 2109 potius
700 2023 846 2107 singulae
870 2022 1024 2106 quaedam
1045 2021 1181 2086 virtutes
1201 2024 1430 2086 enumerantur
1444 2043 1502 2086 ne·

307 2151 369 2214 que
392 2128 567 2214 explicatur
592 2130 757 2194 universae
781 2129 909 2195 virtutis
933 2129 1023 2193 ratio.
1050 2127 1131 2193 Tum
1149 2127 1241 2193 valde
1253 2127 1439 2212 ambiguum
1452 2133 1502 2194 est
1586 2147 1613 2200 ·,

307 2258 383 2300 num
404 2237 505 2300 totum
524 2240 636 2321 poetae
649 2235 840 2301 sententiam
853 2235 947 2319 plane
960 2235 1156 2320 exprimeut3
1170 2234 1245 2320 quia
1258 2234 1342 2298 enim
1357 2221 1504 2300 redolent

307 2345 451 2426 tempora
481 2342 632 2427 antiqua,
657 2341 826 2407 verisimile
850 2345 900 2407 est
922 2341 1055 2406 Zethum
1079 2364 1116 2405 ea
1138 2341 1382 2426 pronuntiasse,
1406 2363 1502 2426 quem

307 2449 434 2518 scimus,
447 2447 575 2512 illorum
603 2452 784 2532 temporum
808 2448 918 2513 leudes
942 2448 1125 2532 opposuisse
1149 2447 1252 2512 otioso
1277 2446 1377 2512 cultui
1390 2446 1501 2512 Musa·

306 2577 375 2620 rum
390 2577 408 2620 a
421 2557 516 2640 poeta
535 2578 592 2639 per
611 2555 803 2640 Amphionis
824 2577 990 2640 personam
1009 2554 1149 2619 laudato.
1167 2553 1289 2619 Verum
1301 2553 1411 2618 multis
1422 2553 1501 2619 locis

306 2659 475 2745 Euripides
507 2661 661 2745 expressit
693 2662 844 2726 virtutem
869 2683 936 2726 esse
961 2660 1092 2725 maximi
1116 2659 1228 2745 pretii:
1254 2682 1413 2726 summum
1442 2657 1502 2724 bo·

307 2789 381 2831 uum
406 2788 474 2831 eam
500 2767 579 2830 dicit
601 2766 654 2852 (fr.
679 2767 742 2831 inc.
774 2767 893 2852 1017),
918 2769 950 2831 et
973 2766 1129 2850 imprimis
1154 2766 1215 2831 hoc
1239 2766 1369 2830 nomine
1389 2766 1502 2830 laudat

305 2874 391 2956 quod
414 2872 477 2935 emi
501 2892 568 2935 non
591 2875 714 2957 potest,
739 2893 840 2956 neque
864 2894 883 2935 a
907 2892 1022 2956 genere
1043 2875 1163 2957 pendet
1182 2872 1332 2958 (Meleag.
1352 2871 1392 2939 fr.
1407 2873 1498 2958 531).

303 2976 388 3041 Nem
424 2975 566 3062 probitas
600 2981 744 3063 praestat
778 2978 879 3044 nobili
916 2983 987 3043 ortu
1024 2977 1077 3064 (fr.
1104 2979 1123 3042 9
1157 2976 1280 3065 Aeol.);
1313 2980 1419 3064 justus
1452 2979 1502 3044 vir

303 3105 375 3148 vere
407 3088 455 3149 est
487 3085 632 3163 streete,
665 3085 806 3171 injustus
830 3107 923 3164 vero,
948 3084 1072 3150 etiamsi
1097 3086 1163 3150 eius
1186 3087 1279 3170 pater
1300 3085 1381 3151 Jove
1403 3085 1498 3151 nobi-

303 3189 364 3253 lior
395 3189 454 3268 sit,
487 3189 634 3267 δυσγενὴς
667 3191 792 3256 videtur
823 3189 987 3276 (Dict..fr.
1013 3191 1103 3266 345).
1141 3189 1176 3255 [n
1201 3191 1292 3256 melis
1315 3190 1499 3256 hominibus

304 3295 393 3359 nulla
423 3299 472 3361 est
503 3295 655 3362 nobilitas
687 3299 742 3361 sed
774 3297 808 3362 in
836 3297 927 3362 bonis
950 3299 1079 3362 tentum
1103 3296 1207 3384 (Alex.
1234 3299 1272 3363 fr.
1299 3297 1371 3384 54);
1397 3319 1502 3383 neque

304 3400 435 3466 divitiae
458 3401 526 3468 sine
549 3403 670 3470 virtute
693 3402 789 3467 ullius
813 3407 889 3469 sunt
912 3403 1016 3488 pretii.

350 3507 460 3587 ’Aperi
493 3511 601 3574 autem
629 3508 713 3593 apud
737 3506 874 3574 Graecos
896 3507 959 3572 fuit
982 3507 1133 3592 perfectio
1154 3507 1282 3573 illarum
1305 3508 1497 3574 facultatum

303 3636 384 3699 quae
408 3614 510 3679 virum
536 3613 659 3680 faciunt
679 3614 804 3698 agendo
828 3616 994 3678 strenuum
1014 3615 1048 3678 et
1055 3614 1194 3700 justum,
1208 3614 1380 3699 cogitando
1394 3614 1498 3679 subti-

302 3721 383 3804 lem;
407 3741 511 3806 neque
534 3742 571 3784 ee
597 3721 631 3785 in
651 3720 781 3784 homine
801 3718 903 3784 otioso
925 3739 992 3785 esse
1011 3721 1119 3805 potest
1138 3720 1244 3785 sedin
1265 3721 1331 3786 cive
1349 3723 1498 3801 tautum,

302 3825 357 3910 qui
381 3847 453 3891 cum
476 3825 592 3891 civium
618 3825 768 3891 societate
791 3826 980 3912 conjunctus
1002 3825 1090 3891 vivit.
1114 3825 1313 3911 Quamquam
1335 3829 1441 3892 eutem
1461 3827 1498 3893 in

300 3931 364 3996 illis
384 3931 552 3996 sententiis
568 3931 650 3996 nihil
668 3932 772 4009 inest,
792 3954 848 3998 cur
869 3951 933 3997 non
947 3932 1045 3997 talem
1057 3931 1207 3997 virtutem
1220 3932 1316 3996 etiam
1329 3933 1496 4018 Euripides

272 4123 275 4130 Ι
301 4038 361 4102 sibi
384 4037 603 4123 proposuerit,
629 4039 708 4122 puto
733 4039 841 4102 tumen
865 4038 959 4103 oliter
982 4060 1014 4104 se
1038 4059 1106 4102 rem
1128 4037 1253 4103 habere.
1278 4037 1395 4102 Omnia
1413 4060 1495 4123 qnae

301 4144 481 4228 nuperrime
511 4143 695 4208 enumerari
725 4143 869 4229 exempla
892 4143 1019 4210 virtutis
1043 4145 1202 4209 excelsae:
1228 4144 1359 4209 castitas
1385 4143 1495 4230 singu·

298 4248 392 4327 laris,
415 4270 498 4314 mors
515 4249 618 4334 petita
639 4269 705 4314 nou
724 4249 826 4315 solum
846 4270 905 4334 pro
926 4251 1032 4336 patria
1043 4250 1097 4315 sed
1110 4251 1207 4315 etiam
1219 4271 1277 4334 pro
1290 4250 1493 4336 singulorum

298 4354 462 4420 hominum
493 4356 613 4439 salute,
647 4355 783 4441 iujuriae
810 4356 1027 4435 condonatae,
1053 4358 1224 4441 praecepte
1247 4378 1328 4441 quae
1351 4378 1416 4423 non
1442 4379 1496 4423 so·

298 4460 365 4526 lum
394 4460 478 4526 faeta
506 4462 561 4528 sed
590 4463 623 4527 et
644 4461 786 4548 cogitata
809 4467 920 4529 sancta
943 4484 1010 4528 esse
1030 4463 1147 4549 jubent
1170 4465 1250 4541 cet,
1277 4463 1355 4528 mihi
1382 4465 1493 4530 viden-

298 4569 350 4633 tur
388 4588 455 4632 esse
491 4567 610 4632 indicia
647 4567 808 4634 rationum
843 4568 1034 4634 severiorum
1065 4572 1097 4634 et
1124 4568 1377 4654 religiosorum,
1413 4592 1495 4655 quas
