3422 5362
837 401 900 468 182

286 587 363 652 tium
392 587 564 672 improbet.
600 587 639 652 In
663 586 774 672 Suppl.
799 586 886 651 inter
908 589 972 652 tres
995 585 1110 651 civium
1135 583 1261 650 ordines
1283 603 1473 648 enumeren-

285 695 339 759 tur
360 715 514 780 pauperes
537 694 616 778 (240
639 695 742 780 sqq.):

510 800 608 876 δεινοί,
633 801 774 878 νέμοντες
799 802 840 881 τῷ
864 799 963 880 φίίνιρ
987 798 1081 864 πλίον
1107 799 1214 880 μέρος,

511 907 539 980 ίς
565 907 634 979 τοὺς
659 905 790 988 ἔχοντας
815 907 911 987 κέντρ’
934 909 1066 988 οξφιοῖσιν
1090 906 1193 988 κακοὶ,

508 1015 668 1091 γλώσσαις
694 1014 824 1092 πονηρῶν
849 1015 1027 1093 προστατῶν
1048 1012 1247 1094 φηλούμενοι.

285 1119 381 1184 Plebs
415 1121 521 1184 eutem
552 1117 737 1206 plerumque
767 1122 908 1185 oratores
940 1119 1100 1208 sequitur3
1132 1119 1239 1202 itaque
1270 1117 1377 1182 omnia
1399 1117 1475 1182 inde
1598 1175 1601 1180 .

282 1227 425 1311 pendent
447 1225 556 1310 quales
579 1225 640 1290 viri
662 1226 691 1291 ei
714 1226 858 1311 praesint
880 1224 948 1312 (Or.
974 1227 1070 1312 772):

419 1333 511 1398 δεινὸν
535 1334 561 1398 οί
585 1333 705 1413 πολλοὶ,
731 1335 918 1413 κακούργους
942 1331 1016 1399 ὅταν
1041 1329 1135 1414 ἔχωσι
1156 1331 1346 1412 προστοίτας.

419 1439 495 1506 αλλ’
519 1435 593 1505 ύτοον
618 1441 770 1524 χρηστούς
794 1440 940 1520 λοίβιισι,
964 1440 1088 1521 χρηστοὶ
1111 1438 1291 1517 βονλεύοοσ’
1314 1438 1374 1503 οίεί.
1468 1515 1470 1520 ¹

283 1545 439 1611 Pessimos
463 1549 568 1612 autem
593 1547 688 1612 duces
713 1549 824 1612 censet
841 1548 1034 1632 demegcgos
1053 1546 1125 1611 illos
1145 1545 1215 1631 qui,
1239 1546 1277 1610 ut
1294 1543 1378 1630 plebi
1399 1564 1474 1629 gra-

283 1651 462 1731 tifieentur‚
484 1653 613 1719 mentiri
632 1674 699 1718 non
719 1658 887 1739 verentur,
909 1656 967 1718 cut
986 1654 1041 1738 qui
1060 1653 1151 1719 stulti
1170 1652 1297 1738 quidem
1310 1651 1364 1716 sed
1377 1651 1475 1716 auda·

283 1778 334 1823 ces
365 1761 398 1824 et
420 1760 566 1845 loquaces
590 1760 630 1824 ad
654 1761 753 1825 meles
777 1760 919 1825 actiones
942 1760 1025 1826 cives
1048 1759 1232 1845 proripiunt
1247 1761 1282 1840 ¹).
1318 1757 1404 1822 'Palis
1427 1755 1476 1820 vir

284 1865 471 1930 describitur
494 1865 528 1930 in
553 1863 664 1931 Oreste
687 1867 767 1950 (903
791 1867 891 1954 sqq.):

511 1973 584 2052 ιίνιίρ
609 1992 655 2044 τις
679 1966 921 2053 ἀθυρόγλωσσος,
944 1972 1061 2055 ἰσχύων
1085 1971 1196 2055 ίροίσει,
1306 1971 1308 1974 ’

509 2079 650 2160 Ἀργεῖος
673 2080 727 2144 οὐκ
753 2077 907 2158 Ἀργεῖος,
934 2076 1167 2157 ἠναγκασμένος
1182 2078 1225 2164 (ί)

514 2185 628 2267 θορύβῳ
651 2209 686 2250 τε
709 2185 831 2260 πίσυνος
857 2186 996 2264 κοίμαίεί
1017 2184 1182 2268 παρρησία.

285 2291 476 2377 Ubicunque
499 2293 606 2377 potest
627 2292 821 2376 demagogos
843 2291 915 2357 illos
934 2291 1037 2378 carpit
1055 2295 1087 2356 et
1104 2290 1234 2357 lecerat.
1254 2289 1345 2355 Inter
1363 2289 1476 2356 heroes

288 2399 438 2484 antiquos
469 2420 564 2464 nemo
595 2397 658 2463 illis
688 2401 755 2462 tam
786 2398 898 2463 similis
930 2398 1097 2464 videbatur
1129 2419 1224 2481 quam
1247 2393 1397 2481 ulysse,
1422 2397 1476 2482 qui
1532 2461 1535 2470 ,

286 2505 411 2570 dicendi
445 2505 564 2590 peritus
594 2504 788 2589 ingenioque
809 2507 952 2570 versutus
972 2505 1057 2569 ultro
1078 2525 1201 2588 semper
1220 2502 1406 2587 aggreditur
1425 2523 1476 2567 res

286 2609 496 2676 difficillimas.
530 2609 615 2674 Eum
644 2611 745 2696 igitur
776 2632 900 2696 semper
930 2610 1061 2695 negotia
1092 2608 1289 2674 odiosissime
1320 2608 1477 2693 suscipere

285 2717 372 2781 fecit:
405 2716 600 2800 Polyxenam
628 2718 771 2779 amatre
793 2714 939 2792 abducit,
964 2715 1167 2800 Iphigeniam
1192 2714 1387 2779 abducturus
1409 2735 1476 2780 esse

285 2822 414 2898 dicitur,
444 2820 651 2905 Astyanactis
679 2820 814 2886 infantis
839 2822 973 2887 necandi
996 2824 1108 2886 enctor
1131 2824 1179 2885 est
1202 2821 1250 2907 (in
1274 2819 1475 2907 Troadibus).

243 3008 245 3014 .
283 2926 324 2991 Ei
358 2946 433 3012 ergo
466 2930 562 3012 poeta
596 2947 698 2992 mores
732 2917 902 3014 demegogi
936 2949 1011 2994 suae
1042 2927 1155 2992 aetatis
1186 2927 1317 3005 tribuit3
1342 2927 1477 2993 Hecube

285 3051 356 3097 eum
381 3032 429 3119 (in
452 3053 545 3119 cogn.
569 3032 634 3100 tab.
659 3057 689 3100 v.
715 3032 793 3121 254)
817 3033 867 3099 his
886 3034 992 3100 verbis
1012 3033 1204 3118 alloquitur:

510 3141 681 3220 ἀχάριστον
708 3139 788 3218 ὑμῶν
813 3139 944 3222 σπέρμ’,
969 3135 1030 3206 ύσοι
1055 3137 1244 3219 δημηγίρονς

510 3246 640 3329 ζηλοῦτε
663 3246 780 3324 τιμοὶς·
807 3245 885 3324 μηδὲ
908 3243 1127 3325 γιγνώσκοισίέ
1151 3269 1222 3325 μοι,

511 3346 539 3420 οἳ
561 3353 631 3426 τοὺς
654 3353 764 3436 Φίλονς
786 3352 986 3433 βλοίπτοντες
1011 3355 1043 3419 ού
1066 3352 1254 3435 φροντίζετε,

512 3460 546 3536 ἣν
569 3467 645 3526 τοίσι
670 3466 796 3532 πολλοῖς
823 3459 894 3539 πρὸς
920 3460 1012 3542 χοίριν
1038 3458 1154 3538 λέγητί
1178 3485 1220 3526 τι.

285 3564 405 3630 Eadem
424 3565 457 3630 in
475 3565 653 3631 Troadibus
665 3565 760 3652 (284)
771 3587 843 3631 eum
855 3570 950 3632 vocat
961 3567 1064 3632 virum
1077 3568 1299 3634 detestandum
1312 3567 1475 3654 ‚justitiae

285 3671 427 3750 hostem,
452 3672 577 3738 beluam
602 3671 688 3757 leges
711 3671 904 3751 violentem,
927 3673 983 3759 qui
1006 3673 1126 3758 duplici
1144 3673 1255 3758 lingua
1274 3673 1382 3738 omnia
1401 3695 1496 3758 per·v

287 3780 409 3856 vertet,
439 3778 554 3863 probet
583 3800 665 3863 quae
696 3783 791 3844 οιιίιοο
813 3778 923 3844 odiosa
945 3778 1082 3846 fuerent.
1117 3778 1157 3844 In
1181 3778 1253 3865 Iph.
1281 3777 1354 3846 Aul.
1380 3777 1475 3866 (526)

285 3887 418 3951 vocetur
441 3885 592 3964 ποικίλος,
615 3890 668 3951 τοῦ
693 3884 723 3950 τ’
746 3884 842 3966 ίχλον
865 3884 998 3965 arm).

317 4213 345 4280 1)
369 4213 406 4264 Ol.
433 4214 508 4280 Hipp.
531 4212 595 4263 486:
620 4211 680 4262 ahoe
699 4211 778 4277 ipsum
801 4211 910 4264 civitates
934 4215 960 4266 et
982 4214 1066 4263 domus
1088 4212 1169 4279 perdit
1185 4213 1211 4262 σί
1224 4211 1296 4263 καλοί
1315 4211 1371 4263 λίαν
1389 4213 1475 4277 λύγοι,

284 4312 333 4366 non
350 4295 414 4346 enim
427 4295 533 4360 jucunde
550 4294 604 4345 eliis
619 4294 717 4344 dicende
734 4297 789 4344 snnt
807 4296 847 4344 sed
864 4311 924 4360 quse
939 4295 1061 4360 corrigent
1077 4298 1101 4344 ct
1117 4293 1267 4345 emendent.”

317 4379 345 4445 Β)
362 4378 441 4429 lltism
456 4378 482 4429 in
494 4377 621 4428 Palamede
632 4373 719 4441 agebat
735 4378 815 4442 partes
828 4373 997 4443 proditori?⁸
1006 4375 1047 4442 qui
1056 4392 1087 4427 sc.
1097 4377 1199 4426 efficeret
1209 4376 1354 4443 etprinccps
1362 4376 1475 4428 innocens

281 4461 343 4529 apud
360 4459 475 4527 populum
491 4461 613 4510 eccumtns
629 4457 714 4524 ospitis
729 4457 896 4521 demaenetum
910 4457 991 4523 itaque
1006 4458 1113 4524 suspicor
1126 4473 1182 4510 eum
1196 4457 1221 4508 in
1239 4455 1475 4524 bscqnoqneistule

283 4543 314 4594 nd
329 4541 464 4608 exemplum
479 4542 663 4607 demrgcgorum
680 4538 802 4607 depictum
819 4553 875 4591 esse.
