3422 5362
772 503 832 566 161

204 679 389 746 &nunnae
411 681 584 746 vero-illae
607 681 809 759 audaciores,
828 684 1396 769 quassuprareceusui,perseipeus

200 786 336 871 judicari
360 808 426 851 non
450 796 603 872 possunt,
624 788 850 872 sedquoniam
871 788 906 853 in
928 809 1136 873 personarum
1155 810 1258 854 mores
1277 791 1396 875 optime

202 893 337 971 cadunt,
368 915 477 959 earum
509 895 592 958 ratio
620 893 667 958 ita
696 915 768 959 cum
803 893 982 959 fabularum
1015 895 1148 960 materia
1177 894 1326 979 copulate
1348 899 1398 961 est

201 1002 239 1063 ut
261 1000 355 1065 simul
379 1021 450 1066 cum
474 1000 535 1065 hac
559 1004 616 1066 eut
638 1001 828 1085 rejiciendae
850 1005 907 1065 aut
927 1005 1163 1067 conservandae
1186 1001 1262 1067 siut.

393 1170 411 1253 5
436 1171 467 1234 6.
496 1168 652 1250 Quatenus
676 1170 846 1257 Euripides
867 1191 966 1236 mores
988 1173 1203 1236 emendaverit.

246 1304 298 1369 Ad
320 1304 418 1370 finem
439 1306 645 1390 perduximus
667 1306 838 1371 secundam
862 1309 999 1390 partem,
1025 1329 1089 1391 qua
1109 1308 1395 1394 quaerebaturque

200 1431 238 1474 ex
256 1415 349 1494 parte
365 1410 535 1495 Euripides
554 1412 771 1496 evulgaribus
783 1411 975 1477 Graecorum
986 1413 1166 1478 rudioribus
1177 1436 1249 1479 cum
1270 1436 1392 1480 morum

200 1515 393 1580 detrimento
416 1517 594 1582 discessisse
617 1517 782 1582 habendus
805 1516 865 1594 siu,
890 1522 1033 1601 superesi
1055 1522 1092 1582 ut
1109 1519 1300 1603 indagemus
1316 1520 1393 1606 quid

200 1621 284 1686 vitae
307 1622 456 1687 severiori
477 1644 658 1708 congruens
681 1623 794 1688 melius
820 1626 853 1688 et
875 1624 1017 1688 sanetius
1041 1624 1199 1690 statuerit.

233 1725 293 1792 ‘Ut
322 1750 418 1812 quam
449 1729 587 1794 maxime
618 1728 696 1793 haee
719 1729 949 1794 continuentur
971 1729 1011 1794 iis
1033 1730 1128 1795 rebus
1150 1752 1229 1815 quas
1250 1732 1394 1814 proxime

202 1833 353 1908 tractavi,
391 1834 521 1898 initium
552 1834 668 1898 seciam
687 1835 728 1899 ab
752 1835 905 1919 exemplis
927 1835 1153 1915 castimoniae,
1175 1837 1323 1902 lasciviae
1346 1837 1394 1903 illi

198 1938 265 2004 fere
290 1939 467 2006 contrariis.
492 1941 534 2004 ln
556 1940 667 2005 iisdem
690 1940 826 2018 fabulis,
848 1941 963 2025 quibus
983 1942 1152 2007 mulierum
1166 1943 1393 2028 moresdepra·

199 2046 265 2110 vati
295 2046 414 2110 multos
444 2046 629 2129 offendunt,
658 2049 792 2130 juvenes
821 2048 997 2130 prodeunt,
1029 2050 1085 2132 qui
1109 2048 1205 2114 nullis
1228 2049 1393 2114 blanditiis

197 2151 234 2216 in
257 2173 396 2216 amorem
420 2151 625 2217 inhonestum
648 2151 863 2236 pelliciuntur.
887 2153 1103 2239 Hippolytus,
1117 2154 1331 2239 Bellerophon
1343 2157 1392 2241 (in

199 2256 418 2324 Stheneboeae
442 2253 557 2342 trag),
582 2258 714 2336 Peleus,
739 2257 883 2324 Phoenix
908 2261 1029 2345 pariter
1059 2264 1250 2345 respuerunt
1279 2262 1391 2327 mulie·

198 2385 268 2428 rum
288 2363 464 2429 illecebras.
485 2363 667 2429 Ostentetio
687 2363 835 2449 frequens
844 2366 912 2450 jam
924 2366 1084 2431 declarare
1095 2366 1221 2432 videtur
1232 2369 1390 2452 tragicum

199 2470 284 2535 hanc
301 2471 452 2535 virtum
469 2471 580 2555 magni
595 2470 723 2545 fecisse3
739 2474 809 2535 tum
824 2471 1010 2554 praesertim
1023 2471 1100 2550 boc,
1118 2474 1392 2558 quodeiusgratia

200 2575 369 2642 Phoenicis
400 2576 549 2660 mythum
580 2575 728 2640 mutavit.
761 2574 919 2640 Homerus
942 2578 1027 2642 enim
1051 2581 1163 2643 narret
1184 2601 1255 2644 eum
1280 2581 1391 2646 metris

194 2682 286 2766 jussu
309 2704 380 2747 cum
403 2681 504 2766 patris
527 2681 639 2766 pellice
663 2681 890 2761 concubuisse,
909 2682 1078 2768 Euripides
1101 2705 1176 2749 vero
1195 2707 1268 2750 eum
1292 2686 1390 2751 mori·

197 2786 256 2852 bus
278 2788 441 2872 integrum
464 2787 589 2852 inducit
603 2789 637 2872 ¹).
1368 2807 1372 2814 ’

241 2879 589 2958 Βιυᾶίινωιθίθιιννινᾶί
607 2896 852 2979 temperantium
872 2900 905 2960 et
922 2897 1102 2962 castitatem
1121 2898 1217 2963 etiam
1230 2899 1391 2966 observari

195 3003 302 3083 potest
325 3000 360 3064 in
384 2999 529 3084 partibus
552 2999 705 3086 operarii,
730 3002 786 3084 qui
802 2999 960 3066 Electram
976 3003 1010 3066 in
1023 3004 1263 3070 matrimonium
1276 3027 1388 3090 accep·

197 3109 265 3169 tarn
286 3105 442 3190 virginem
467 3109 651 3189 conservat,
675 3111 807 3190 propter
830 3107 985 3192 pudorem
1008 3108 1127 3173 veritus
1150 3111 1194 3193 (v.
1220 3112 1277 3186 45)

768 3214 882 3292 ὀλβίων
904 3215 1016 3293 &stede
1040 3214 1135 3281 νέκνιι

473 3320 582 3397 λαβὼν
606 3319 755 3401 ὑβρίζειν,
780 3321 812 3384 αὖ
838 3320 986 3399 κατάξιος
1011 3324 1127 3402 γεγώς.

242 3422 344 3499 Quam
368 3424 507 3489 absurda
524 3424 581 3488 illa
600 3425 795 3490 abstinentia
814 3427 1046 3510 spectatoribus
1063 3427 1163 3493 rideri
1174 3428 1303 3494 deberet
1313 3451 1390 3514 poe-

198 3533 281 3613 tam,
314 3530 446 3614 opinor,
483 3551 549 3595 non
571 3531 672 3615 fugit:
699 3552 737 3595 eo
759 3533 845 3596 enim
869 3533 1028 3617 pertinere
1051 3534 1201 3599 videntur
1224 3533 1259 3598 bi
1281 3556 1391 3600 versus

197 3656 276 3719 quos
301 3637 468 3716 αὐτουργὸς
492 3637 606 3701 recitat
629 3637 717 3722 (50):

197 3819 338 3875 magnopere
359 3811 488 3877 vituperati
510 3826 571 3870 esse,
589 3810 676 3876 quippe
693 3810 762 3876 impii
776 3814 801 3860 st
814 3810 971 3877 impudentes.
997 3813 1070 3862 Poeta
1085 3811 1207 3878 respondit
1222 3813 1276 3862 ideo
1293 3828 1318 3862 ss
1335 3830 1390 3864 sum

197 3905 243 3939 uon
260 3906 275 3940 s
290 3907 359 3942 scens
375 3892 498 3942 abduxisse
515 3892 654 3957 priusqnsm
668 3895 722 3941 rota
735 3893 891 3943 crucisrstur.
907 3893 1009 3956 (Similis
1024 3910 1061 3944 res
1076 3896 1181 3945 retertur
1196 3911 1210 3944 a
1225 3897 1312 3945 Ssucoe
1321 3896 1391 3961 epist.

199 3971 262 4032 us).
286 3974 410 4038 Qusntum
428 3990 440 4022 s
457 3973 607 4038 mythologie
628 3973 711 4038 colligi
733 3978 812 4040 potest
832 3975 939 4041 suspicor
959 3975 1064 4025 {ebulum
1078 3976 1134 4040 jure
1152 3976 1312 4042 improbum
1328 3992 1391 4038 ssss,

198 4059 292 4118 postem
315 4071 371 4105 vero
396 4057 476 4121 potins
497 4059 574 4105 srtem
599 4055 699 4105 violasse
724 4071 796 4120 qusm
820 4072 905 4106 mores.
933 4058 1012 4107 Poene
1040 4059 1145 4109 bominis
1169 4073 1266 4124 prorsus
1283 4059 1391 4120 scelesti,

198 4136 274 4199 qualis
292 4137 361 4186 Ixion
378 4138 439 4194 init,
455 4153 504 4187 non
521 4137 616 4187 videtur
633 4138 733 4188 mebris
751 4139 822 4203 digus
839 4155 899 4203 quse
916 4140 1008 4204 tragico
1025 4141 1119 4207 pulpito
1136 4145 1243 4206 guntur.

232 4217 299 4267 ldem
316 4234 400 4268 nomen
419 4218 512 4268 isbulas
529 4219 603 4268 etism
620 4219 725 4269 ooeurrit
740 4220 805 4269 inter
822 4220 932 4286 Aeschyli
949 4223 1057 4271 drsmsts
1073 4223 1174 4288 perdite

232 4299 256 4361 l)
267 4299 296 4348 ll.
308 4301 343 4349 IX
351 4301 414 4351 452:
440 4303 473 4364 τῇ
490 4299 594 4362 πιθόμην
611 4300 656 4350 sul
669 4299 754 4366 ipsiu,
772 4301 855 4363 πατὴρ
873 4299 896 4350 δ’
913 4299 974 4364 iude
990 4301 1076 4353 αὐτίκ’
1093 4302 1182 4362 trrtslc

440 4385 526 4433 πολλὰ
543 4388 683 4446 κατηρᾶτο,
697 4384 823 4447 στυγερὰς
838 4380 1016 4435 δ’ὶπνκύιιλετ“
1032 4387 1123 4448 Ἐρινῦς
1131 4403 1153 4436 ιι.
1163 4402 1187 4434 r.
1199 4395 1222 4434 Α.

198 4463 278 4514 Sebol,
307 4467 407 4516 trudunt
428 4466 606 4518 Aristodemum
630 4466 713 4530 legisse
731 4464 767 4516 ot
785 4465 888 4528 πιθόμην
908 4465 977 4516 οὔδ’
993 4465 1064 4534 teta,
1085 4465 1143 4518 ‚eal
1159 4464 1291 4529 Εὐριπιδης
1307 4465 1334 4518 dt
1352 4469 1393 4520 ev·

204 4544 348 4608 αμάρτητον
371 4547 469 4612 εἰσάγει
488 4549 531 4596 τὸν
548 4547 612 4610 tuna
629 4543 654 4596 is
670 4551 706 4610 τῷ
725 4547 841 4600 Φοίνικν”.
860 4549 950 4600 Verum
966 4549 1112 4600 Aristodsmi
1130 4549 1201 4600 leutio
1218 4566 1266 4602 non
1282 4552 1393 4616 mugrnit

199 4641 252 4678 susi
268 4630 344 4694 petris
361 4632 526 4682 exacratione.

1237 4733 1267 4782 11
