3408 5360
771 437 812 502 17

193 625 290 689 enimi
335 620 591 686 dubitationibus
625 619 925 704 quaestionibusque
960 620 1187 686 curiosioribus
1228 623 1388 686 commoti.

194 731 354 796 Incertum
373 749 441 792 esse
458 726 593 810 legimus
618 729 775 809 quantum
799 726 844 789 dii
867 747 916 790 res
941 725 1100 790 humanas
1123 747 1233 792 curare
1253 728 1392 812 putandi

195 838 269 902 sint.
284 833 310 920 ¹)
341 832 410 897 Dea
441 831 629 896 calamitatis
656 851 792 914 magnae
814 835 926 896 auctor
950 832 1185 910 crudelissima,
1210 837 1243 897 et
1265 835 1306 898 ab
1330 833 1390 897 ho-

196 941 334 1008 minibus
353 937 503 1024 piissimis
526 941 559 1001 et
581 937 622 1001 ab
640 937 741 1001 altera
765 937 823 1001 dea
845 958 951 1002 sorore
975 938 1117 1021 graviter
1141 938 1390 1025 vituperatur2),

195 1049 386 1114 excusantur
412 1065 485 1108 vero
509 1043 565 1127 qui
587 1043 653 1108 eius
677 1043 708 1106 vi
732 1043 834 1107 coacti
857 1053 1070 1128 peccaverunt
1084 1047 1140 1108 aut
1152 1049 1341 1110 erraverunt
1355 1047 1391 1131 ³).

195 1153 365 1218 Paullatim
390 1151 533 1215 animum
556 1155 668 1234 poetae
692 1154 850 1214 mutatum
874 1151 968 1216 facile
990 1151 1154 1216 sentimus.
1172 1154 1201 1237 ⁴)

241 1259 376 1325 Hancne
406 1279 472 1321 rem
500 1257 567 1340 jam
600 1257 635 1320 in
659 1243 835 1340 Hippolyto
860 1257 966 1321 velato
989 1258 1124 1322 indicari
1146 1258 1306 1336 dicamus,
1336 1260 1391 1343 qui

196 1369 381 1432 coronatum
406 1364 640 1429 antecesserat?
653 1363 680 1447 ⁶)
705 1361 744 1425 ln
769 1362 958 1446 fragmentis
981 1363 1066 1427 enirn
1089 1363 1208 1448 legitur
1231 1365 1391 1430 sententia

193 1471 305 1555 judicii
328 1469 434 1533 minus
457 1469 537 1532 recti
560 1468 598 1531 de
622 1489 655 1531 re
678 1488 745 1531 non
768 1468 936 1532 nominata
959 1469 1033 1532 deos
1057 1490 1205 1553 arguens.
1219 1473 1247 1556 ⁸)

240 1575 344 1660 Supra
366 1575 504 1639 vidimus
526 1576 602 1638 ante
624 1573 843 1638 Acharuenses
864 1573 913 1640 Ol.
937 1577 1013 1652 88‚3
1034 1576 1069 1639 in
1089 1598 1216 1641 scenam
1236 1577 1391 1662 prodiisse
1408 1590 1457 1638 425

196 1680 333 1758 Greesas,
359 1680 578 1757 Philoctetam,
601 1679 787 1764 Telephum,
802 1680 1004 1758 Phoenicem,
1017 1680 1085 1758 Ino,
1102 1681 1393 1766 Bellerophontem.

196 1787 245 1852 De
267 1788 369 1852 tribus
393 1786 551 1871 prioribus
576 1785 708 1862 fabulis,
733 1807 866 1869 quarum
891 1789 978 1850 aetas
1002 1786 1132 1851 aliunde
1152 1791 1237 1852 certo
1257 1793 1391 1874 constet,

194 1895 262 1979 jem
300 1894 378 1959 dixi.
424 1893 502 1957 Tres
533 1891 741 1976 posteriores,
770 1891 846 1975 quia
876 1892 1045 1976 ignoratur
1080 1896 1159 1976 quot
1191 1894 1283 1957 annis
1318 1899 1394 1958 ante

197 1999 279 2067 Ach.
311 2001 423 2065 doctae
454 1998 536 2074 sint,
566 2019 668 2080 neque
692 1997 792 2081 igitur
815 1997 968 2061 constitui
992 2000 1098 2081 potest
1120 2002 1227 2062 utrum
1251 2001 1326 2063 ante
1351 2022 1394 2064 an

197 2111 273 2192 poet
293 2106 507 2191 Hippolytum
530 2123 606 2181 cor,
630 2125 742 2188 parum
764 2103 832 2187 opis
851 2103 996 2168 conferre
1015 2106 1161 2188 possunt.
1184 2103 1276 2168 Nihil
1287 2110 1394 2169 autem

197 2213 291 2298 quale
321 2213 356 2275 in
384 2211 563 2296 Hippolyto
598 2211 779 2275 notavimus
813 2211 979 2275 invenitur
1001 2211 1088 2275 inter
1112 2210 1282 2276 Phoenicis
1305 2211 1394 2296 frng-

198 2320 323 2395 menta,
355 2317 391 2382 in
421 2320 611 2402 argumento
636 2315 814 2393 simillimo,
827 2318 855 2401 ⁷)
880 2338 982 2401 neque
1004 2317 1089 2382 inter
1112 2339 1149 2382 ea
1174 2339 1255 2402 quae
1278 2317 1317 2382 de
1336 2317 1395 2381 lno

198 2427 324 2490 servata
348 2428 433 2488 sunt.

243 2529 378 2594 Prorsus
407 2530 499 2594 aliter
529 2552 562 2595 se
583 2529 683 2594 habet
705 2529 870 2613 tragoedia
891 2529 1166 2613 Bellerophontis,
1191 2531 1247 2615 qui
1271 2530 1394 2618 Pegaso

200 2641 309 2702 vectus
339 2637 461 2702 coelum
492 2637 607 2720 petivit
637 2639 670 2700 et
699 2636 734 2700 in
767 2639 885 2701 terram
915 2636 1055 2720 dejectus
1088 2637 1163 2702 deos
1191 2643 1396 2704 contemnere

198 2743 314 2827 coepit.
347 2741 506 2828 Excerpta
532 2743 668 2827 legimus
705 2763 849 2806 amarum
878 2741 1028 2807 fortunae
1053 2742 1211 2807 humanae
1234 2743 1396 2828 divinique

196 2848 323 2933 imperii
351 2849 507 2933 judicium
536 2847 779 2934 exhibentia,⁸)
812 2849 891 2931 quin
922 2848 1019 2912 etiam
1043 2871 1143 2913 unum
1168 2849 1207 2916 fr.
1233 2851 1308 2915 deos
1329 2872 1396 2915 esse

197 2977 329 3040 prorsus
349 2975 481 3040 negans.
494 2956 522 3041 ⁰)
542 2953 673 3021 Certum
693 2954 951 3039 Bellerophontis
980 2977 1104 3020 annum
1124 2957 1223 3021 latere
1242 2955 1395 3032 vidimus3

197 3065 273 3126 ante
296 3060 510 3146 Hippolytum
533 3083 590 3146 per
613 3061 691 3126 duas
710 3061 855 3146 integras
874 3061 1003 3127 fabulas
1022 3064 1056 3126 et
1074 3063 1147 3147 plus
1166 3067 1295 3128 centum
1307 3063 1396 3148 frng-

197 3169 308 3232 menta
330 3168 526 3252 perditarum
550 3166 632 3232 nihil
655 3169 694 3230 de
718 3167 778 3230 diis
801 3167 899 3251 impie
920 3167 1040 3232 dictum
1061 3167 1199 3233 inveniri
1211 3169 1338 3244 monui,
1355 3205 1394 3216 -

194 3274 265 3358 jam
287 3273 452 3358 quaeritur
471 3295 513 3337 en
531 3273 610 3336 haec
629 3272 808 3337 observatio
829 3273 906 3336 satie
925 3273 1042 3338 habeat
1062 3274 1214 3358 ponderis
1225 3277 1262 3339 ut
1273 3274 1398 3338 inversa

197 3381 323 3446 rab'one
345 3380 533 3445 concludere
556 3379 727 3464 possimus:
754 3378 828 3444 illae
851 3381 1030 3445 sententiae
1053 3380 1171 3464 impiae
1193 3400 1396 3465 magnacum

195 3485 423 3570 probabilitate
453 3486 692 3562 demonstrant,
717 3483 1095 3569 Bellerophontem
1122 3490 1301 3551 autnon
1326 3489 1399 3551 aut

197 3591 451 3658 brevissime
470 3593 567 3655 ante
586 3589 866 3674 Hippolytum
886 3611 975 3656 esse
995 3591 1397 3675 compositum,nullo

235 3833 261 3892 1)
276 3833 318 3882 Vr.
336 3831 403 3881 1102
421 3845 472 3896 sqq.

233 3917 262 3980 2)
280 3915 322 3964 Vr.
341 3915 421 3976 1001,
439 3914 517 3974 1400,
535 3913 678 3978 1400100,
698 3913 775 3973 1001,
794 3911 873 3969 1140,
890 3911 955 3962 1003
974 3927 1034 3978 sqq.

235 4000 263 4060 8)
280 3997 321 4046 Vr.
338 3997 403 4047 1001
420 4012 480 4062 “lte
496 3996 562 4046 lest
578 4010 639 4061 100.
657 3996 722 4045 1400
740 4011 780 4061 sq.

233 4079 546 4144 occurrisset.

234 4163 263 4226 1)
280 4161 318 4211 Ol,
336 4161 480 4211 Philoctetis
497 4161 527 4210 ir.
544 4159 602 4218 793,
619 4160 648 4209 de
664 4175 712 4224 que
730 4175 751 4210 v.
769 4158 833 4208 inira
850 4159 917 4208 Pert.
936 4159 976 4208 111
997 4159 1017 4208 B
1035 4175 1057 4210 c.
1074 4161 1098 4209 t.

236 4243 266 4308 0)
283 4243 323 4293 Pr.
340 4245 399 4294 448.

234 4325 263 4392 7)
282 4325 406 4376 Nenekius
422 4340 508 4390 magur
523 4340 578 4403 epm
594 4323 761 4390 probabilitate
779 4323 883 4372 ostendit
899 4331 1067 4386 argumentum
1083 4322 1227 4387 deprehendi
1242 4323 1304 4388 epud
1324 4322 1400 4390 tpcl·

197 4408 312 4458 runnu
329 4407 379 4458 lll.
396 4407 452 4456 8.8.
470 4405 596 4456 Phoenicis
613 4406 738 4456 historiam
754 4405 893 4456 summrtim
909 4405 1011 4454 tradidit
1028 4403 1162 4462 Homerus,
1183 4403 1214 4454 ll.
1235 4405 1270 4454 lx
1287 4407 1354 4466 tte,
1371 4405 1399 4454 de

196 4487 720 4556 qaelooev.inhsrut.1Veayo.

232 4573 262 4638 8)
282 4571 322 4620 rr.
338 4571 388 4620 204
407 4573 432 4620 et
451 4569 507 4620 100.
860 4570 888 4634 0)
906 4568 945 4620 rr.
964 4570 1023 4620 288.

1268 4650 1285 4699 2
