3418 5356
871 443 933 506 120

299 643 420 710 Phoen.
444 643 507 711 175
527 667 573 730 sq.
595 644 669 708 solis
690 645 821 707 vocatur
840 642 915 706 filia.
941 641 995 707 Sol
1018 642 1086 726 ipse
1104 641 1139 705 in
1158 641 1361 706 Phaethonte
1377 640 1496 725 Apollo

299 772 365 814 osse
384 751 500 815 dicitur
513 747 557 836 ¹),
578 771 672 834 quem
691 771 799 813 rursus
813 748 993 814 Macrobius
1005 747 1085 832 (Sat.
1099 746 1133 824 Ι,
1151 747 1202 824 18,
1218 747 1272 832 16)
1285 745 1326 810 ab
1339 747 1490 832 Euripide

301 878 372 921 cum
396 854 523 921 Baccho
545 855 699 920 confundi
722 858 872 931 testatur,
893 853 996 919 citans
1018 853 1175 937 hicymnii
1188 874 1311 917 versum
1325 851 1376 937 (ir.
1391 852 1470 936 480)
1487 875 1496 920 2

573 961 709 1024 δέσποτα
733 959 910 1040 Φιλόὀοοφνε
935 958 1063 1042 Βάκχε,
1089 959 1192 1024 Παιόιν

570 1065 730 1132 ’Άτολλον
753 1065 859 1146 εόλνρε
874 1064 910 1152 ²).
967 1139 970 1150 Ι

346 1175 433 1238 Ηοοο
464 1176 571 1238 autem
601 1173 793 1252 theocmsin,
830 1195 893 1257 qua
923 1172 1010 1237 varia
1040 1173 1174 1236 numina
1197 1172 1442 1238 confunduntur
1465 1178 1497 1240 et

299 1279 440 1347 velutin
464 1301 564 1343 unum
590 1283 816 1356 concrescunt,
842 1279 968 1343 saeculo
992 1279 1105 1362 quinto
1130 1279 1227 1362 vulgo
1251 1282 1377 1363 recepta
1401 1278 1496 1345 fuisse

297 1386 432 1450 videtur.
456 1385 563 1449 Etiam
585 1386 763 1470 Aeschylus
788 1387 936 1449 narratur
948 1384 988 1448 ab
1000 1383 1164 1448 Herodoto
1177 1384 1241 1469 (ΙΙ,
1262 1383 1340 1472 156)
1353 1384 1493 1450 Dianam

299 1491 414 1556 dixisse
445 1489 568 1557 Cereris
600 1491 718 1576 filiam3
753 1494 821 1555 tum
856 1491 980 1554 Lunam
1012 1491 1107 1554 modo
1131 1489 1272 1555 Latonae
1296 1491 1389 1554 modo
1413 1489 1496 1556 Solis

298 1596 397 1661 filiam
426 1597 616 1682 appellavit;
643 1597 733 1662 etin
757 1597 822 1662 eius
847 1596 1036 1661 Prometheo
1060 1595 1178 1681 legitur
1204 1596 1245 1681 (v.
1272 1597 1369 1683 209):

1148 1702 1244 1780 Θέμις

548 1810 600 1874 καὶ
625 1819 708 1875 Γαῖα
734 1816 856 1874 πολλῶν
880 1809 1034 1886 ὀνομάτων
1058 1809 1162 1890 μορφὴ
1182 1809 1252 1886 μόοι.

345 1917 435 1982 Haec
461 1916 657 1982 consuetudo
681 1917 813 1982 fortasse
837 1939 854 1981 e
878 1916 1035 2001 mysteriis
1059 1917 1125 1981 sive
1148 1914 1320 1981 Eleusiniis
1343 1916 1408 1982 sive
1434 1916 1495 1982 Or-

297 2027 400 2112 phicis
423 2024 584 2108 manavit,
608 2024 693 2108 quod
718 2024 803 2087 dicas
824 2023 1006 2088 confirmari
1026 2022 1260 2106 quodammodo
1281 2023 1381 2106 ipsius
1399 2022 1496 2089 Euri·

298 2133 382 2217 pidis
403 2130 603 2206 testimonio,
625 2129 680 2193 ubi
699 2129 745 2192 ait
766 2128 870 2194 Solem
890 2128 1074 2213 Apollinem
1095 2127 1201 2192 vocari
1222 2128 1263 2191 ab
1284 2150 1321 2193 eo
1334 2123 1438 2198 »ὀοτις
1452 2130 1496 2195 τόν

300 2237 425 2317 σιγῶντ’
450 2234 578 2313 ὀνόματ’
605 2233 666 2300 olle
690 2235 871 2313 δαιμόνων”.
896 2234 1009 2319 Neque
1032 2234 1111 2298 mihi
1129 2234 1350 2319 improbabilis
1370 2237 1497 2302 videtur

299 2346 431 2412 Frenetii
455 2345 639 2429 conjectura
664 2343 821 2408 censentis
845 2341 1038 2425 Aeschylum
1063 2341 1144 2405 illud
1169 2344 1286 2424 dogma
1310 2342 1348 2406 de
1372 2341 1496 2408 Dianae

299 2452 441 2537 origine,
477 2451 566 2515 cuius
600 2449 822 2514 auctoritatem
858 2447 1041 2512 Herodotus
1070 2448 1111 2511 ad
1135 2445 1314 2532 Aegyptios
1337 2449 1497 2535 refert,a

299 2558 457 2645 mysteriis
493 2559 674 2621 mutuatum
706 2577 781 2622 esse.
815 2553 954 2639 Orphica
985 2553 1170 2638 praesertim
1202 2555 1304 2618 multa
1333 2554 1428 2620 fuisse
1459 2557 1495 2620 in

300 2664 563 2750 coagmentandis
598 2667 630 2727 et
665 2661 834 2726 miscendis
869 2661 964 2725 variis
1000 2659 1186 2724 numinibus
1220 2661 1346 2726 Lobeck
1377 2663 1495 2746 passim

300 2771 441 2836 ostendit
454 2771 497 2855 ⁸),
526 2752 669 2851 'citatque
700 2770 840 2831 veterum
865 2767 1050 2831 testimonia
1072 2767 1187 2850 quibus
1211 2765 1355 2851 Orpheus
1379 2768 1496 2833 dicitur

300 2878 332 2940 et
353 2874 431 2938 alios
454 2878 486 2938 et
509 2872 694 2957 Apollinem
718 2893 790 2935 cum
814 2870 887 2937 Sole
911 2876 944 2936 et
964 2870 1108 2936 Cererem
1132 2894 1205 2937 cum
1228 2872 1318 2937 Rhea
1338 2875 1397 2938 cet.
1417 2895 1495 2938 con-

299 2981 425 3046 fudisse.
462 2978 612 3064 Suspicor
643 2978 683 3042 ad
715 2976 889 3062 Orphicum
923 2977 1046 3043 fontem
1072 2979 1168 3043 etiam
1192 2979 1406 3044 revocandum
1429 3002 1496 3046 esse

300 3085 405 3152 nobile
428 3087 489 3150 hoc
509 3085 726 3170 fragmentum
750 3075 844 3169 (904)
865 3106 903 3148 ex
922 3084 1046 3149 incerta
1066 3085 1232 3168 tragoedia
1250 3083 1380 3150 aOlem.
1401 3085 1495 3153 Alex.

299 3191 428 3272 (Strom.
455 3191 495 3256 V.
520 3210 574 3275 pg.
600 3191 679 3275 688)
703 3191 882 3256 servatum:

551 3295 595 3361 ool
620 3298 662 3376 τῷ
686 3295 809 3360 πόντων
835 3294 971 3371 μεδέοντι
995 3298 1072 3378 xciv

548 3400 680 3468 πέλανόν
704 3425 739 3465 τε
763 3400 864 3483 φέροι,
890 3401 965 3475 Ζεὺς
990 3401 1044 3466 εἷθ’
1069 3401 1178 3478 Ἀιδης

551 3507 771 3591 ὀνομαζόμενος
795 3508 956 3588 οτέομεις·
983 3508 1020 3572 σὺ
1045 3507 1077 3575 δέ
1101 3531 1152 3586 μοι

300 3699 482 3712 —,—...-

333 3765 359 3827 1)
369 3766 409 3814 h'r.
419 3761 464 3814 78]
476 3778 499 3813 ν.
510 3763 554 3812 ll:
599 3758 616 3811 ὦ
633 3762 808 3826 καλλιφεγγὲς
825 3759 899 3810 ‘'Htc’
917 3758 948 3819 ὀός
967 3761 995 3821 μ’
1014 3759 1153 3820 ὀτόλεοας

599 3844 641 3894 ml
649 3842 724 3894 τόνδ’.
736 3845 853 3894 Ἀπόλλω
863 3841 886 3892 δ’
896 3839 921 3892 ἐν
930 3844 1029 3904 βροτοῖς
1039 3844 1064 3890 τ’
1074 3842 1144 3904 ὀρθῶς
1154 3846 1228 3893 καλεῖ

601 3925 672 3985 ὀοτις
688 3927 723 3976 τόν
741 3928 846 3990 σιγῶντ’
864 3926 968 3986 ὀνόμοετ’
985 3921 1035 3976 olda
1053 3922 1186 3987 δαιμόνων,

296 4013 323 4063 in
340 4028 366 4061 re
382 4012 491 4061 luctuosa
505 4009 694 4059 additamentam
713 4010 840 4059 molestum
858 4013 882 4058 et
899 4009 1016 4073 putidum.

223 4155 226 4160 Ι
331 4094 359 4159 2)
376 4092 481 4151 Lobech.
500 4091 617 4156 Aglaoph.
633 4107 655 4156 p.
671 4092 718 4150 80,
735 4106 820 4141 vanam
831 4091 923 4155 judicat
938 4091 1170 4156 argumentationem
1185 4091 1213 4140 ab
1227 4091 1334 4156 epitheto
1343 4089 1495 4155 φιλόὀαφνος

297 4176 410 4241 petitam,
433 4189 488 4223 cum
511 4171 597 4222 Libero
621 4188 715 4237 quoque
741 4172 822 4222 laurae
849 4188 916 4222 aacra
934 4176 1008 4232 eeset;
1028 4173 1087 4222 mihi
1105 4188 1162 4222 vero
1181 4173 1300 4222 Macrobii
1317 4175 1495 4238 argumentatio

294 4274 342 4308 non
355 4257 405 4306 solo
420 4257 525 4322 epitheto
546 4255 591 4304 niti
606 4254 713 4313 videtum
729 4258 781 4304 tum
797 4256 873 4314 ratio,
888 4272 935 4321 qua
949 4256 975 4305 in
990 4256 1035 4305 hoc
1050 4271 1119 4304 versa
1136 4255 1202 4304 varia
1217 4255 1315 4304 nomina
1326 4256 1494 4317 cumulantur,

296 4339 386 4390 indicat
404 4353 476 4388 anum
495 4338 574 4404 potius
591 4337 661 4386 doum
679 4335 805 4401 implorari
824 4353 895 4401 qnam
913 4338 1024 4387 diversos.

328 4423 356 4484 8)
382 4421 425 4485 Pg.
451 4420 512 4477 155,
540 4421 596 4470 tlt.
622 4418 658 4468 Oi.
682 4417 830 4482 Nigalahach
857 4419 992 4469 Nachhom.
1020 4419 1163 4484 Theologie,
1192 4435 1231 4485 pg.
1256 4419 1317 4468 454:
1347 4418 1425 4468 ‚Ahar
1451 4421 1494 4470 dar

296 4501 477 4569 Hauptaiufluea
495 4503 537 4551 der
554 4501 705 4569 Orphiaohan
722 4499 850 4566 Theologie
868 4502 910 4551 auf
926 4502 964 4551 die
981 4501 1063 4567 liurip.
1083 4501 1167 4552 Poeuie
1184 4500 1264 4550 ddrlte
1284 4500 1308 4549 in
1326 4501 1368 4549 der
1385 4515 1431 4550 von
1451 4516 1494 4552 nn·

295 4601 359 4636 serm
376 4583 476 4633 Dichter
492 4584 631 4650 adoptirton
649 4583 788 4634 Theocraaie
804 4581 928 4634 beatehn'’.
