3418 5356
728 1449 924 1562 PARS
956 1451 1052 1561 IV.

295 1726 418 1804 QUID
444 1726 700 1800 EURIPIDES
726 1725 955 1799 SENSERIT
979 1724 1045 1797 DE
1068 1723 1222 1797 REBUS
1244 1683 1484 1801 HUMANISss

335 2262 497 2348 Euripidis
520 2265 559 2328 de
581 2265 675 2330 rebus
698 2266 815 2332 divinis
837 2267 1019 2352 opinionem
1044 2267 1201 2350 quantum
1223 2263 1341 2329 licebat
1361 2285 1483 2349 eogno-

289 2368 410 2445 vimus3
443 2370 509 2454 jam
541 2371 581 2434 ed
608 2374 725 2435 terram
757 2373 1010 2438 descendendum
1041 2376 1137 2455 atque
1167 2370 1386 2454 indagandum
1418 2374 1483 2448 est,

288 2476 365 2559 quid
399 2480 437 2540 de
468 2477 561 2541 rebus
589 2462 738 2543 humanis
771 2480 915 2544 senserit.
949 2478 995 2544 De
1019 2478 1069 2542 his
1093 2477 1182 2541 omni
1206 2480 1309 2541 aetate
1334 2476 1394 2542 sibi
1418 2475 1485 2541 fere

289 2582 468 2646 constitisse
487 2583 536 2646 rel
558 2583 664 2667 potius
682 2584 792 2650 iisdem
816 2587 916 2650 modis
937 2586 1114 2670 disputasse
1138 2585 1269 2650 ridetur.
1287 2582 1357 2667 Ego
1370 2583 1483 2647 saltem

288 2687 409 2751 nullam
433 2689 588 2752 rationem
613 2692 749 2774 reperire
772 2693 862 2774 potui
886 2714 965 2775 qua,
988 2696 1024 2754 ut
1041 2692 1075 2754 in
1098 2690 1258 2775 superiore
1276 2690 1482 2775 quaestione,

288 2793 393 2856 variae
413 2797 532 2888 aetates
552 2794 706 2879 distingui
726 2800 865 2881 possent.
887 2797 969 2861 Puto
990 2819 1060 2861 eum
1079 2797 1146 2881 jam
1160 2802 1330 2880 antequem
1342 2796 1483 2880 primum

288 2897 326 2960 de
349 2898 502 2982 religione
521 2899 662 2964 animum
683 2901 869 2967 mutavisset
890 2925 925 2967 ea
944 2902 1075 2966 tristitia
1096 2925 1194 2987 eoque
1206 2925 1311 2967 rerum
1324 2924 1480 2966 novarum

287 3003 393 3066 studio
421 3006 459 3068 de
482 3004 576 3070 rebus
600 3006 747 3072 humanis
770 3009 942 3093 cogitasse,
967 3031 1048 3093 quae
1070 3009 1259 3094 posteriores
1282 3009 1395 3072 aetatis
1418 3009 1481 3072 im-

287 3108 399 3193 pietati
430 3111 647 3179 convenirent.
673 3112 755 3178 'l'um
780 3117 940 3200 usquein
962 3116 1076 3181 ultima
1100 3119 1204 3180 aetate
1227 3115 1267 3179 ab
1291 3115 1329 3178 iis
1353 3113 1481 3199 opinio-

287 3215 380 3280 nibus
414 3217 555 3283 deseivit.
590 3218 660 3284 Neo
690 3220 823 3306 mirum;
854 3245 928 3286 nam
959 3223 1045 3307 quod
1076 3221 1263 3304 religionem
1293 3219 1482 3306 popularem

285 3321 477 3407 impugnare
508 3324 619 3402 desiit,
650 3325 832 3392 iurationi
860 3331 893 3392 et
915 3328 1105 3414 prudentiae
1129 3309 1481 3412 potius'aseribendum

286 3449 353 3493 esse
387 3428 523 3494 vidimus
555 3453 651 3514 quam
682 3431 757 3497 inde
788 3438 1014 3518 repetendum,
1044 3435 1225 3519 quodcum
1249 3455 1353 3498 rerum
1377 3432 1481 3496 admi·

286 3535 475 3600 nistratione
494 3537 603 3602 divina
624 3559 734 3602 revera
756 3538 792 3602 in
815 3539 953 3623 gratiam
976 3540 1113 3605 redierit.
1234 3577 1235 3582 κ

331 3641 444 3727 Itaque
476 3644 627 3727 temporis
652 3643 835 3710 discrimina
859 3646 1025 3710 observare
1049 3646 1083 3709 in
1108 3645 1169 3710 hao
1192 3645 1377 3730 quaestione
1400 3666 1480 3728 opus

286 3769 352 3813 esse
383 3770 448 3813 non
481 3748 615 3816 videtur.
649 3751 687 3815 ln
720 3751 908 3836 quibusdam
940 3752 1035 3816 modo
1058 3750 1204 3835 partibus
1227 3752 1310 3815 ratio
1334 3750 1481 3815 habenda

285 3854 346 3919 erit
377 3875 440 3938 quo
472 3858 615 3940 tempore
647 3878 788 3941 quaeque
820 3857 905 3922 diota
937 3858 1012 3922 sint.
1037 3858 1119 3922 Tum
1143 3857 1361 3942 dispositionis
1386 3877 1480 3920 causa

221 3947 224 3956 ⁶
285 3964 440 4044 quantum
471 3965 582 4045 potero
618 3983 775 4026 annorum
805 3964 949 4028 ordinem
981 3986 1105 4048 sequar.
1143 3963 1291 4028 Materies
1316 3961 1478 4047 aptissime

285 4065 493 4130 distribuetur
510 4066 544 4129 in
565 4070 703 4151 quatuor
722 4068 845 4152 eapite,
866 4090 1001 4154 quorum
1022 4069 1161 4155 primum
1180 4072 1293 4153 poetae
1312 4068 1479 4153 opiniones

285 4172 324 4235 de
354 4171 421 4237 vita
452 4172 617 4256 universe,
641 4176 814 4239 seeundum
838 4178 877 4240 de
901 4176 1043 4241 moribus
1068 4180 1101 4240 et
1124 4175 1261 4253 virtuts,
1285 4173 1417 4239 tertium
1441 4174 1480 4238 de

285 4275 355 4342 vite
377 4277 525 4365 publiea,
548 4281 696 4362 quartum
719 4280 757 4344 de
781 4281 847 4345 vita
870 4283 1043 4348 domestica
1067 4282 1308 4367 complectetur.

782 4489 827 4496 .-..
855 4489 909 4496 -.-..
932 4490 973 4496 ..-
