3418 5356
873 421 929 500 88Ἰ

293 601 445 686 ¹aequales
466 600 619 666 felicitate
641 604 791 686 superent
813 602 846 665 et
867 601 908 667 ed
931 601 1072 666 divinam
1092 601 1278 666 beatitatem
1297 601 1385 685 justo
1406 621 1482 685 pro·

299 707 370 792 pius
399 708 545 774 accedere
570 708 746 776 videantur.
770 709 816 772 Τὸ
841 707 915 772 θεῖον
939 709 1024 772 enim
1050 708 1099 773 est
1120 706 1276 788 φθονερόν,
1301 708 1427 792 praeter
1451 727 1483 772 se

297 813 402 900 ipsum
433 815 592 880 neminem
624 815 702 879 sinit
724 815 812 891 μέγα
837 823 1082 901 &praestansque
1107 836 1230 899 semper
1252 836 1318 880 esse
1341 813 1483 891 felieem;

301 943 397 1006 quare
427 922 569 1006 optanda
599 924 649 986 est
675 921 741 986 vite
765 921 865 986 mixta
888 921 1005 1005 gaudio
1025 925 1058 986 et
1080 921 1205 999 dolore,
1229 923 1395 1006 statusque
1418 939 1485 984 me·

301 1027 467 1092 diooritate
498 1030 597 1093 tutus.
629 1027 713 1092 Nam
744 1027 833 1092 nullo
865 1027 959 1092 modo
993 1032 1110 1092 sortem
1145 1030 1287 1092 avertere
1321 1047 1487 1111 possumus

301 1156 399 1219 quum
424 1157 464 1198 ne
487 1134 531 1199 dii
553 1133 680 1220 quidam
703 1134 771 1199 fato
793 1133 938 1199 resistere
961 1138 1081 1220 queant
1103 1133 1142 1221 (Ι.
1168 1135 1211 1199 32
1235 1156 1314 1219 sqq,
1340 1134 1401 1211 91,
1424 1131 1486 1198 III.

302 1240 358 1318 40,
381 1241 434 1318 43,
460 1240 514 1320 65,
538 1239 612 1306 VII.
642 1241 707 1327 10).

346 1344 523 1411 Notissima
541 1345 619 1412 haee
637 1347 795 1413 sententia
818 1347 857 1412 d'e
880 1346 1001 1411 invidia
1023 1347 1151 1425 divina,
1176 1368 1257 1432 quae
1280 1346 1367 1411 haud
1391 1344 1488 1411 dubie

301 1451 464 1536 popularis
479 1451 503 1539 ¹)
536 1452 616 1532 fuit,
650 1453 769 1538 injuria
798 1453 895 1539 vulgo
926 1454 1105 1540 vituperata
1135 1457 1200 1531 est,
1224 1452 1363 1538 primum
1387 1474 1486 1538 quum
1524 1449 1526 1456 '

301 1557 482 1624 Herodotus
506 1559 601 1625 unius
623 1562 752 1625 tuntum
770 1559 906 1625 hominis
930 1559 1101 1644 perniciem
1121 1562 1230 1625 narret
1249 1580 1379 1645 prorsus
1399 1557 1489 1623 nulla

302 1667 396 1752 eulpa
420 1672 656 1752 compensatam
670 1665 707 1753 ⁹),
735 1667 770 1731 in
794 1666 905 1731 ceteris
929 1688 1003 1732 vero
1027 1689 1150 1751 semper
1173 1666 1302 1751 aliquod
1325 1668 1489 1754 peceatum

303 1776 561 1859 argumentetur,
581 1757 654 1838 tum
677 1773 827 1859 quoniam
852 1773 1011 1838 neminem
1036 1795 1092 1858 per
1115 1775 1217 1838 totam
1242 1774 1340 1838 vitam
1361 1772 1490 1837 beatum

303 1902 369 1946 esse
392 1881 569 1946 eommunis
591 1880 656 1946 fere
679 1883 727 1945 est
750 1880 894 1945 omnium
917 1880 1083 1945 hominum
1106 1881 1213 1965 opinio
1229 1882 1264 1966 ³).

349 1987 514 2053 Praeterea
536 1986 717 2052 Herodotus
741 1987 878 2051 affirmat
894 1987 1037 2058 humana
1055 1987 1179 2073 flagitia
1199 2010 1217 2051 a
1238 1987 1347 2053 divino
1359 1985 1492 2051 numine

304 2115 409 2160 severe
439 2095 556 2179 puniri.
587 2093 648 2160 Sed
680 2115 745 2158 non
776 2115 899 2178 semper
928 2094 1011 2158 idem
1044 2094 1099 2178 qui
1122 2094 1251 2158 admisit
1273 2115 1392 2178 poenas
1416 2095 1490 2177 dat3

304 2222 397 2286 saepe
420 2224 439 2265 a
462 2201 539 2266 seris
561 2202 688 2265 demum
710 2200 880 2285 nepotibus
900 2201 1054 2264 maiorum
1075 2199 1192 2265 seelera
1212 2199 1321 2264 divino
1334 2197 1490 2283 supplicio

305 2308 475 2392 expiantur
505 2307 544 2394 (I.
570 2308 636 2394 91).
669 2307 757 2373 Haeo
779 2327 906 2392 quoque
928 2307 995 2372 sine
1019 2306 1115 2371 dubio
1140 2307 1201 2371 fuit
1223 2305 1406 2390 superstitio
1430 2325 1489 2389 po-

305 2413 443 2498 pularis,
476 2414 627 2500 quoniam
658 2413 728 2478 aliis
760 2436 886 2499 quoque
916 2413 1042 2498 populis
1071 2412 1238 2478 familiaris
1269 2414 1347 2478 erat.
1370 2411 1400 2476 A
1424 2411 1492 2476 fato

305 2520 414 2586 omnia
436 2521 573 2607 pendere
592 2520 709 2606 passim
728 2519 953 2605 pronuntiavit
959 2540 968 2598 ς
987 2519 1076 2585 euius
1098 2521 1224 2585 decreta
1243 2519 1286 2584 dii
1299 2518 1493 2603 aliquamdiu

305 2627 429 2693 differre
452 2630 602 2712 possunt,
626 2627 718 2692 irrita
740 2627 843 2691 faeere
866 2628 1030 2711 nequeunt
1053 2625 1091 2714 (1.
1118 2627 1158 2690 91
1174 2627 1202 2710 ⁴)
1214 2627 1238 2713 ).

351 2731 548 2817 Quamquam
572 2732 753 2798 Herodotus
775 2733 908 2798 leviores
933 2731 1054 2817 aliquas
1072 2731 1199 2796 fabulas
1220 2753 1285 2796 non
1304 2752 1377 2797 raro
1389 2731 1493 2796 oausis

306 2837 507 2903 naturalibus
530 2837 686 2922 explicare
709 2838 835 2917 meluit,
858 2842 965 2903 tamen
989 2838 1066 2903 haee
1089 2839 1197 2902 omnia
1217 2837 1407 2903 documenta
1419 2841 1496 2902 sunt

305 2945 404 3009 animi
432 2944 486 3030 pia
509 2945 639 3009 deorum
662 2945 838 3010 reverentia
861 2944 985 3009 imbuti.
1021 2943 1105 3020 Quin
1130 2945 1226 3009 etiam
1248 2945 1274 3010 si
1299 2967 1370 3009 eum
1393 2943 1496 3030 poetis

305 3051 412 3136 lyriois
435 3071 615 3138 compares,
635 3053 777 3118 rudiores
795 3075 898 3137 paene
916 3051 983 3120 eius
1002 3052 1152 3117 videntur
1172 3051 1337 3137 opiniones
1359 3051 1398 3116 de
1415 3051 1493 3136 diis,

306 3180 421 3243 nempe
442 3158 623 3223 necessitati
645 3181 698 3224 eos
721 3159 791 3224 vult
815 3181 881 3224 esse
904 3159 1062 3243 subjectos
1085 3158 1330 3244 durissimosque
1353 3157 1495 3223 ostendit

306 3285 382 3350 erga
412 3263 567 3330 homines.
597 3263 716 3331 Verum
745 3268 856 3349 poetae
878 3265 927 3329 illi
950 3264 1039 3330 nulla
1063 3286 1097 3328 re
1120 3263 1276 3348 prohibiti
1299 3263 1495 3348 cogitatione

307 3371 367 3437 sibi
390 3393 529 3438 summos
552 3375 627 3437 deos
649 3371 770 3457 fingere
792 3374 960 3456 poterant;
984 3370 1133 3436 historico
1157 3391 1231 3436 vero
1252 3368 1402 3449 materia,
1416 3391 1498 3454 quae

315 3559 486 3568 -0———.-.-.--

341 3655 369 3721 1)
386 3656 423 3705 Cf.
440 3655 504 3705 intra
520 3671 558 3720 pg.
577 3656 618 3709 90.

342 3737 370 3804 2)
387 3738 524 3802 Polycrates
545 3738 646 3790 Samius.
669 3738 693 3786 N
695 3753 733 3787 em
757 3737 845 3787 Xerxes
867 3737 940 3802 periit
955 3737 1018 3801 quod
1035 3737 1099 3787 solas
1116 3736 1239 3786 universae
1256 3735 1326 3785 Asiae
1343 3733 1498 3801 Europaeque

307 3820 436 3886 imperium
458 3819 580 3885 petivisset
601 3821 702 3885 deosque
723 3819 822 3885 superbe
844 3819 949 3868 laesisset
966 3819 1043 3883 (VIII
1061 3819 1129 3885 109).
1148 3820 1262 3869 Croesum
1279 3818 1398 3867 interiisse
1414 3818 1500 3868 seriel·

308 3903 366 3952 mile
387 3905 422 3952 est
444 3903 508 3967 quod
530 3917 554 3950 se
576 3902 626 3967 ipse
648 3903 755 3954 omnium
777 3902 901 3952 hominum
918 3900 1080 3952 felicissimum
1098 3901 1254 3952 existimasset
1272 3900 1305 3965 (1.
1324 3901 1382 3966 34),
1400 3905 1424 3950 et
1441 3917 1499 3966 prae

308 3985 445 4049 arrogantie
462 3984 556 4034 oracula
573 4000 620 4034 non
635 3985 791 4034 intellexisset
807 3986 840 4047 (1.
859 3985 916 4050 91);
931 4000 1074 4049 quamquam
1087 3984 1199 4034 facinoris
1213 3983 1287 4050 Gygis
1302 3998 1395 4048 quoqne
1410 4000 1498 4050 poenus

308 4067 379 4117 dabat
396 4068 421 4117 in
436 4067 521 4132 quinto
538 4083 630 4131 genere.

343 4151 370 4216 3)
388 4148 550 4215 Omnibusque
572 4149 695 4198 naturalis.
718 4149 779 4215 Quis
801 4153 910 4199 nostrum
932 4149 1024 4200 nullam
1046 4149 1119 4199 sentit
1135 4149 1294 4199 reverentiam
1310 4148 1336 4198 in
1353 4148 1496 4214 aecipiendis

309 4233 401 4297 magnis
422 4233 489 4283 bonis
511 4237 535 4283 et
557 4232 721 4292 felicitatibus5
746 4232 798 4297 quis
821 4249 869 4282 non
891 4232 964 4282 libere
987 4232 1017 4281 iis
1032 4233 1081 4282 frui
1098 4232 1230 4297 gaudioque
1246 4232 1370 4296 indulgere
1387 4231 1496 4292 dubitat,

308 4315 398 4364 veritus
421 4331 451 4364 ne
472 4316 569 4365 fortuna
590 4313 668 4364 subito
690 4330 802 4364 conversa
822 4315 902 4364 omnia
919 4314 1016 4380 dissipet
1033 4314 1098 4363 velut
1115 4314 1262 4365 somniorum
1279 4314 1412 4380 imagines?
1430 4315 1498 4380 Quid

308 4398 353 4448 hoo
370 4401 406 4449 est
423 4398 469 4448 nisi
485 4399 599 4449 obscurus
614 4401 691 4448 metus
708 4397 811 4447 invidiae
828 4398 941 4448 divinae?

306 4525 319 4550 Ι,
341 4480 370 4546 4)
387 4480 425 4530 lbi
441 4482 528 4547 Apollo
544 4485 647 4534 testetur
663 4496 688 4531 se
700 4480 740 4530 vix
755 4480 851 4531 tandem
864 4497 877 4530 e
890 4482 940 4530 lato
954 4480 1093 4548 impetrasse
1111 4484 1138 4532 ut
1156 4481 1238 4531 Croesi
1255 4481 1403 4534 oalemitates
1420 4481 1498 4532 trien·

309 4564 377 4626 ninm
394 4563 553 4615 differrentur.
