3418 5356
778 438 842 502 109

211 644 262 688 res
286 621 332 688 ita
354 621 518 688 ordinasse
541 624 579 685 ut
601 642 671 686 cum
697 640 804 686 sorore
827 621 934 686 salvus
956 621 990 686 in
1013 621 1152 706 patriam
1171 623 1299 686 rediret
1319 621 1406 688 Idem

211 729 355 794 Orestem
386 728 421 794 in
452 727 637 812 cognomini
671 729 816 793 dramate
847 729 954 792 servat
984 731 1018 792 et
1048 727 1084 792 in
1107 727 1194 794 Ionis
1216 727 1281 794 fine
1303 727 1405 792 filium

212 834 306 900 matri
326 833 449 900 reddit:

348 940 377 1012 ἐς
402 938 491 1011 τέλος
515 940 578 1019 γὰρ
601 940 707 1018 οἱμὲν
731 940 830 1005 loisel
854 937 1066 1019 τυνχοὶνουοιν
1091 938 1202 1018 ἄξιον,

342 1048 367 1112 ol
393 1045 479 1110 xasol
503 1046 543 1121 δ’,
568 1043 668 1126 ὥσπερ
692 1047 854 1126 asteriaco·
877 1045 982 1110 οὔποτ’
1007 1042 1040 1112 οὔ
1063 1045 1214 1126 spiciferae
1242 1042 1291 1109 ἄν.

255 1151 343 1216 Duae
362 1155 469 1216 autem
490 1151 585 1215 huius
605 1172 732 1236 quoque
753 1151 866 1216 aetatis
886 1150 1030 1228 fabulae,
1052 1150 1282 1216 Andromacha
1294 1148 1405 1215 etHe-

210 1257 282 1322 lena
304 1258 443 1342 (praeter
461 1257 520 1322 bas
544 1258 630 1323 enim
650 1256 806 1336 Alcestis,
826 1257 956 1342 Medea,
976 1256 1136 1344 Bacchae)
1156 1258 1242 1322 notis
1262 1257 1404 1322 versibus

211 1361 440 1428 terminantur:

502 1468 608 1534 πολλοὶ
632 1468 659 1534 δ’
682 1469 828 1543 ἀέλπτοις
853 1468 1004 1550 κραίνουσι
1030 1469 1107 1547 decl,

502 1575 556 1640 νοοι
582 1574 625 1641 τὰ
645 1574 796 1649 δοκηθέντ’
822 1574 1060 1650 statuminis,

503 1687 564 1746 τῶν
588 1680 615 1744 δ’
637 1681 793 1756 discrima
817 1680 904 1762 νόμον
928 1676 997 1761 ηὗρε
1022 1679 1096 1746 ινδ.

505 1785 612 1854 τοιόνδ’
636 1787 745 1866 ἀντέβη
768 1786 838 1854 τοδε
862 1791 1011 1869 sperne.
1026 1784 1053 1873 ¹)

414 2064 432 2140 ἓ
458 2061 487 2125 3.
529 2059 687 2141 Quomodo
711 2061 918 2149 discrepantia
940 2061 1122 2150 suplicando
1145 2065 1195 2127 ονί.

255 2272 417 2358 Expositis
437 2277 568 2338 deorum
589 2273 876 2358 vituperationibus
900 2277 996 2357 atque
1021 2273 1169 2339 laudibus
1191 2277 1407 2358 quaerendum

211 2382 259 2444 est
286 2402 350 2465 qua
380 2382 496 2445 ductus
526 2380 668 2457 ratione,
691 2381 723 2444 ri
747 2379 851 2443 ποθῶν
874 2383 969 2463 poete
992 2399 1029 2442 ea
1054 2380 1163 2444 omnia
1193 2381 1407 2446 enuntiaverit

211 2488 275 2550 tam
306 2487 520 2572 discrepantia
551 2489 584 2550 et
606 2485 804 2570 pugnantia,
834 2486 872 2548 ut
894 2483 1030 2568 singulis
1054 2486 1226 2550 sententiis
1248 2486 1345 2551 etiam
1369 2509 1407 2552 ex

210 2591 318 2657 iisdem
341 2591 459 2657 sabulis
480 2612 609 2677 prorsus
632 2590 811 2655 contrariae
835 2590 955 2674 opponi
977 2590 1113 2674 possint.

253 2698 306 2763 An
329 2697 500 2784 explicatio
518 2700 656 2782 petenda
675 2699 724 2761 est
742 2718 759 2761 e
778 2718 984 2781 personarum
997 2697 1197 2763 scenicarum
1212 2697 1405 2777 diversitate,

210 2803 255 2867 ita
276 2807 314 2866 ut
336 2802 437 2867 altera
459 2805 533 2867 utra
555 2824 629 2887 pars
651 2805 779 2866 tantum
802 2824 875 2868 vere
895 2807 1007 2888 poetae
1026 2803 1170 2869 animum
1192 2804 1404 2890 expresserit?

212 2905 297 2972 Haeo
319 2928 394 2974 vero
414 2909 482 2992 jam
506 2929 542 2972 eo
566 2908 760 2992 praeciditur
784 2908 870 2992 quod
890 2909 995 2972 omnis
1014 2910 1140 2993 generis
1160 2931 1313 2995 personae
1330 2933 1405 2996 pro-

211 3012 316 3078 ferunt
345 3013 522 3078 sententias
548 3012 618 3098 pias
641 3016 674 3077 et
695 3013 828 3098 impias,
852 3035 967 3098 nempe
988 3014 1082 3098 probi
1106 3017 1140 3078 et
1163 3017 1321 3100 improbi,
1345 3016 1406 3080 viri

211 3118 425 3204 feminaeque,
445 3119 570 3183 nobiles
589 3119 798 3204 humilesque.
818 3117 912 3183 Solus
934 3119 1067 3196 chorus,
1088 3141 1280 3205 quamquam
1293 3143 1405 3206 parum

211 3229 387 3291 reverenter
410 3247 502 3310 saepe
525 3225 565 3288 do
589 3224 648 3288 diis
671 3224 814 3309 loquitur
836 3223 889 3307 (of.
915 3223 1010 3289 Herc.
1036 3225 1137 3289 1:655
1151 3247 1223 3310 sqq.
1248 3226 1406 3292 Androm.

214 3330 297 3396 1030
316 3332 389 3417 sq),
409 3333 518 3395 tamen
541 3333 582 3394 ad
604 3329 720 3414 impias
743 3331 993 3414 vituperationes
1016 3332 1070 3395 rix
1094 3353 1247 3416 umquam
1272 3354 1405 3418 progre-

212 3435 312 3513 ditur;
336 3436 397 3501 hoc
420 3440 529 3500 tamen
553 3436 628 3500 inde
652 3436 858 3519 repetendum
882 3458 949 3501 esse
969 3436 1094 3501 videtur
1113 3439 1198 3522 quod
1218 3438 1307 3503 chori
1329 3460 1406 3504 can-

211 3541 273 3606 tica
295 3544 330 3607 in
352 3541 525 3626 tragoediis
548 3541 677 3626 proprie
699 3544 740 3605 ad
764 3541 892 3605 deorum
914 3541 1022 3606 laudes
1041 3543 1191 3606 instituta
1211 3547 1406 3628 erant;tum

212 3649 325 3715 chorus
356 3649 522 3733 opiniones
557 3647 697 3732 proferre
732 3648 874 3725 solebat,
910 3647 1019 3733 quales
1053 3647 1175 3713 civibus
1208 3647 1405 3734 simplicibus

212 3755 325 3820 ascribi
348 3758 488 3840 possent.

257 3859 332 3926 Non
351 3865 458 3947 potest
477 3861 617 3927 dubitari
636 3859 821 3947 Euripidem
842 3860 975 3925 simulac
995 3863 1087 3925 deum
1101 3863 1246 3946 oportere
1257 3863 1405 3928 sanctum

213 3987 279 4032 eme
301 3989 485 4052 persuasum
509 3967 570 4032 sibi
593 3966 722 4052 babuit,
750 3989 813 4032 non
838 3967 977 4052 amplius
999 3968 1074 4032 deos
1097 3967 1332 4053 mythologicos
1354 3968 1406 4053 pie

214 4074 356 4138 venerari
390 4073 548 4159 potuisse,
584 4094 695 4137 verum
730 4096 770 4137 an
807 4077 911 4136 essent
935 4073 1117 4158 frequenter
1140 4073 1318 4150 dubitasse,
1352 4076 1408 4139 sed

213 4178 382 4246 destitutus
404 4180 460 4245 illa
482 4179 607 4264 ingenii
631 4179 662 4244 ri
686 4201 767 4264 quae
790 4198 892 4243 novae
914 4178 1063 4263 religioni
1087 4177 1137 4245 vel
1161 4179 1325 4243 doctrinae
1350 4201 1405 4244 ex·

215 4285 403 4370 cogitandae
436 4283 588 4368 sufficiat,
624 4284 712 4350 velut
746 4283 836 4349 navis
870 4305 952 4368 quae
986 4284 1149 4369 deperdito
1185 4283 1406 4370 gubernaculo

247 4554 274 4618 l)
291 4554 327 4604 Gt
344 4553 418 4604 etiam
435 4555 464 4606 lr.
482 4554 589 4604 Aleum.
609 4554 666 4603 101.
