3422 5362
764 475 827 542 157

197 663 259 748 (vs.
285 659 384 746 1078)
419 657 472 724 ιιοιθ
495 658 639 736 μωνθύνω
663 659 720 735 μὲν
743 653 793 724 ola
821 657 893 739 δρῖιν
916 656 1024 737 μέλλω
1053 659 1154 744 aaut,

424 764 517 841 θυμθς
541 765 572 830 tl
597 766 738 846 κρείσσων
761 766 819 830 τῶν
843 765 922 840 ἐμῶν
945 763 1181 842 βουλευμάτων.

199 873 249 940 erl
283 874 315 939 88
347 875 402 938 πού
433 873 532 938 Λωύου
562 872 614 937 rte
645 872 822 950 Χρύσιππον
852 871 1041 953 οἱρπύζονπος
1073 871 1221 948 θπιθυμθοι
1249 871 1391 950 λογισμῷ

199 981 385 1062 μωχομθνιι·
408 978 497 1057 λέγει
519 978 584 1059 γὰρ
606 976 718 1048 ούπως·

424 1086 511 1163 clai,
535 1081 599 1148 τύδ’
624 1084 679 1160 ἤδη
704 1085 777 1148 θεῖον
801 1085 962 1163 ύνθρύποις
987 1086 1099 1162 xanta,

427 1187 502 1256 ύποιν
524 1214 572 1261 τις
595 1190 659 1272 εἰδῇ
683 1189 837 1268 ripalta,
861 1197 977 1271 χρῆποιι
1001 1190 1033 1255 tl
1056 1190 1110 1268 μθι.
1135 1187 1225 1274 (Chr.
1246 1187 1286 1255 fr.
1300 1189 1390 1275 838).

199 1299 308 1365 Antea
329 1297 415 1363 enim
439 1296 535 1362 Laius
558 1295 700 1362 dixerat:

382 1402 507 1476 λέληθεν
530 1401 612 1468 oeae
636 1400 728 1466 τῶνδέ
750 1401 787 1479 μ’
811 1397 850 1468 ύν
873 1403 911 1470 σὺ
935 1403 1102 1480 νουθετεῖς,

381 1509 507 1584 γνύμνν
531 1507 558 1572 δ’
582 1505 698 1588 ἕχονπύ
720 1508 791 1584 μἰἱ
816 1507 909 1587 Φύσις
933 1505 1092 1588 βιοθζεπιιι.
1106 1506 1196 1591 (chr.
1209 1507 1248 1572 fr.
1264 1507 1342 1593 837)
1359 1508 1395 1594 ¹).

201 1616 283 1684 ier
378 1614 481 1680 Video
505 1613 636 1678 meliora
658 1614 838 1700 proboque,
863 1614 1019 1679 deteriora
1044 1634 1169 1699 sequor.

245 1720 296 1786 Ex
318 1721 441 1786 incerta
464 1721 629 1804 tragoedia
652 1743 671 1784 a
690 1720 786 1785 variis
805 1720 1014 1804 scriptoribus
1032 1721 1169 1786 refertur
1186 1720 1239 1786 hie
1250 1720 1394 1786 trimeter

200 1827 359 1912 jambicus
382 1826 435 1910 (ir.
459 1825 559 1911 912)ι

418 1933 554 2015 ἡφύσις
579 1931 737 2011 ἐβούλεθ’,
764 1930 901 2014 ᾖνθμων
923 1933 1007 2000 oritis
1033 1933 1133 2010 μθλει.

202 2039 257 2125 qui
279 2040 314 2104 in
337 2039 522 2104 memoriam
545 2039 668 2104 reducit
691 2039 930 2105 distinctionem
955 2044 1088 2105 naturae
1107 2045 1141 2106 et
1162 2040 1288 2125 legum,
1301 2062 1398 2125 qaam
1427 2027 1437 2038 ⁸

203 2146 394 2230 quibusdam
416 2145 631 2230 sophistarum
655 2145 810 2230 placuisse
834 2146 979 2211 vidimus.
1016 2146 1127 2212 Potuit
1150 2147 1277 2232 quidem
1301 2146 1398 2211 Euri·

202 2251 292 2336 pides
313 2252 456 2336 ipsorum
480 2252 649 2316 verberum
673 2251 848 2316 antithesin
874 2252 915 2316 ab
940 2251 1062 2336 Hippia
1085 2251 1136 2316 uel
1161 2252 1224 2316 alio
1247 2251 1397 2337 quopiam

204 2357 347 2442 sophisle
370 2357 527 2434 mutuari,
551 2379 600 2422 res
621 2362 729 2422 tamen
753 2358 822 2442 ipsa
840 2379 967 2442 quoque
985 2357 1079 2422 facile
1098 2380 1168 2423 sem
1188 2361 1301 2442 poetae
1321 2379 1397 2441 sup·

205 2464 345 2548 peditare
364 2465 481 2549 potuit.
503 2463 598 2528 Haud
619 2464 714 2529 dubie
726 2464 809 2528 enim
822 2463 1096 2549 Euripides'saepe
1107 2464 1288 2530 observavit
1299 2463 1396 2529 rehe-

206 2575 343 2635 menlem
362 2571 502 2654 aliquam
522 2571 621 2635 animi
640 2570 886 2635 commotionem
906 2571 991 2654 leges
1011 2573 1242 2654 praeceptaque
1263 2569 1397 2633 moralia

206 2676 286 2740 nihil
298 2697 408 2742 curare
420 2698 522 2761 neque
533 2676 599 2741 ullo
612 2676 706 2741 modo
717 2676 757 2740 iis
769 2676 904 2740 coerceri
917 2695 1023 2760 posse,
1035 2676 1302 2761 quemadmodum
1315 2673 1396 2738 Dio·

205 2782 299 2848 dotus
315 2783 399 2866 apud
411 2781 629 2866 Thucydidem
641 2783 723 2867 (111,
738 2782 828 2864 458)
842 2781 904 2846 ait:
917 2781 1026 2852 οὶπλῶς
1039 2807 1074 2846 τε
1088 2780 1237 2846 ἀδύιοιπον
1252 2781 1305 2846 κού
1318 2795 1398 2846 πολ-

205 2897 261 2962 λῆς
274 2889 422 2971 studetur,
437 2886 519 2959 ύσπις
532 2889 629 2953 clarus
642 2896 696 2960 σῆς
715 2889 903 2967 ἀνθρωπείως
916 2889 1038 2968 φύσεως
1051 2888 1226 2965 θρμωμέννς
1240 2887 1397 2965 προθύμως

205 3019 235 3061 τι
266 2996 385 3075 προῖξοιι
409 2997 584 3074 ἀποτροπήν
607 3020 676 3058 τινιο
700 2995 784 3074 ἔχειν
809 2997 826 3068 ἢ
852 2995 949 3071 νθμων
971 2994 1058 3074 ἰσχύι
1084 2995 1100 3068 ἢ
1126 2993 1213 3074 ύλλιρ
1237 3018 1279 3075 τρι
1305 2994 1400 3075 δεινῷ.

249 3100 340 3177 Quod
362 3103 489 3165 tantum
515 3105 647 3166 naturae
669 3101 801 3177 tribuit,
822 3104 858 3165 nt
876 3099 1022 3164 homines
1040 3101 1248 3185 improbiores
1269 3102 1310 3165 ad
1334 3100 1402 3164 eius

206 3207 270 3272 vim
290 3227 463 3292 provocare
482 3207 580 3270 faciat
598 3211 634 3272 ut
656 3207 786 3290 impune
809 3206 1029 3290 voluptatibus
1053 3206 1118 3271 suis
1142 3203 1400 3289 indulgeant‚id

206 3315 333 3397 quidem
355 3334 411 3397 per
428 3335 462 3377 se
481 3333 547 3376 nou
567 3316 699 3389 noceat,
719 3314 892 3377 dummodo
914 3334 954 3377 ne
966 3312 1056 3377 velut
1068 3309 1213 3378 Callicles
1226 3311 1255 3374 ei
1268 3314 1402 3375 naturae

206 3441 329 3504 semper
358 3419 645 3504 obtemperandum
667 3441 735 3484 esse
757 3422 885 3484 censeat
896 3417 932 3504 ⁹).
967 3418 1060 3484 Tam.
1073 3418 1149 3482 alibi
1172 3417 1256 3482 clare
1280 3416 1402 3481 indicat

207 3548 276 3590 sam
296 3527 391 3591 etiem
411 3526 584 3591 rectissime
602 3527 759 3592 factorum
779 3530 941 3591 auctorem
961 3547 1028 3589 csse
1046 3546 1147 3610 posse.
1172 3523 1212 3588 lu
1231 3522 1343 3588 Oreste
1357 3524 1401 3608 (ν.

210 3632 273 3695 126
296 3633 379 3719 sqq.)
403 3631 531 3697 Electra
554 3632 725 3697 observans
741 3631 883 3697 Helenae
903 3632 1047 3696 animum
1067 3633 1137 3695 toto
1158 3629 1242 3695 bello
1262 3628 1402 3694 'Ihoiano

208 3737 290 3802 nihil
320 3741 478 3804 mutatum
510 3737 561 3802 vel
589 3738 792 3802 emendatum
815 3760 897 3815 esse,
929 3737 1086 3821 siquidem
1110 3736 1206 3801 etiam
1230 3755 1317 3799 nunc
1339 3733 1402 3799 cir·

209 3865 280 3910 rum
311 3845 496 3930 depositura
527 3845 563 3908 in
586 3842 860 3928 Clytaemnestrae
881 3842 1006 3908 tumulo
1030 3842 1211 3909 canhenme
1235 3840 1404 3906 abscindat

245 4115 270 4176 1)
286 4115 323 4166 Ol
342 4115 418 4182 Hipp.
437 4115 487 4164 880
503 4129 563 4179 sqq..
581 4111 665 4179 Suppl.
683 4111 809 4177 488818,
827 4109 921 4162 Archel
939 4107 969 4160 lr.
988 4109 1047 4161 888.

243 4199 271 4261 2)
288 4197 363 4264 Hipp.
381 4197 428 4248 rel.
444 4197 475 4246 lr.
492 4197 555 4246 48c=

509 4277 596 4342 ’θγιογύ
612 4285 676 4342 φνριι
693 4279 737 4328 σθν
754 4279 826 4338 νθριον
842 4291 874 4340 γε
893 4275 927 4338 μοὶ
946 4274 1030 4338 σθβσιν

513 4358 537 4411 ἓν
555 4364 623 4412 σοῖσι
640 4359 728 4420 δεινοῖς
744 4363 793 4409 σύν
810 4358 953 4422 ύνωριιιιθιιν
969 4355 1053 4408 πλέον.

213 4461 353 4514 quamquam
374 4447 403 4496 dc
420 4449 519 4498 naturae
537 4445 561 4492 ri
578 4443 640 4494 nihil
656 4442 740 4502 habat,
757 4448 837 4492 tamen
854 4441 1007 4506 impudenter
1025 4439 1105 4506 legum
1122 4437 1306 4506 (momasqnsl)
1323 4443 1407 4490 anoto-

214 4530 310 4580 tiana
331 4529 455 4594 intingit,
469 4529 509 4578 sed
527 4526 556 4577 ab
572 4526 718 4594 impretiata
737 4525 834 4574 homine
852 4523 1036 4589 pronuntiatum
1053 4537 1103 4572 scae
1119 4521 1169 4572 reri
1187 4521 1339 4574 simillimum
1355 4525 1406 4584 eat,

214 4611 244 4662 ct
261 4611 292 4662 lr.
309 4609 358 4664 sel
376 4614 400 4662 c
417 4611 490 4678 Sepla
510 4610 592 4660 crena
610 4608 640 4658 h.
657 4609 713 4660 888.
