3422 5362
883 483 947 547 164
1018 495 1024 504 ·

320 668 586 732 conscendebant.
622 664 789 730 Nonnulla
823 670 930 728 autem
962 662 1149 747 Iphigeniae
1180 662 1276 727 verba
1306 662 1406 746 digna
1436 667 1512 727 sunt

319 794 400 857 quae
431 773 501 857 ipsa
530 771 684 836 hocloco
709 773 922 854 apponantur.
946 767 1122 846 Achillem,
1145 767 1201 851 qni
1224 789 1244 830 a
1266 768 1331 832 suis
1355 767 1512 833 militibus

318 879 383 943 vim
415 881 596 963 acceperat,
629 899 701 942 cum
732 876 771 940 iis
801 877 990 960 persuadere
1019 873 1115 940 vellet
1143 895 1184 976 pe
1214 873 1372 960 virginem
1395 874 1511 938 immo·

317 986 439 1068 lareut,
463 984 549 1049 hisce
572 985 680 1048 monet
703 981 836 1067 (talou
1043 982 1080 1047 σὺ
1105 979 1144 1058 δ’,
1168 977 1189 1045 ὦ
1213 979 1299 1058 ξένε,

547 1092 591 1166 μὴ
616 1091 723 1161 θνῆσκε
749 1087 787 1153 δι’
813 1088 869 1164 ἐμὲ
893 1087 965 1164 μηδ’
989 1087 1173 1167 ἀποκτείνῃς
1197 1084 1287 1170 read,

318 1218 399 1282 quac
430 1195 509 1260 mihi
541 1194 774 1259 humanitatem
805 1198 872 1258 tarn
896 1193 1091 1277 singularem
1116 1192 1264 1257 videntur
1287 1191 1450 1257 testificari
1474 1196 1511 1257 ut

319 1305 359 1366 ad
383 1300 637 1368 Christianorum
671 1306 839 1385 praecepta
862 1298 995 1363 moralia
1018 1298 1148 1383 propius
1173 1297 1326 1363 accedant
1349 1320 1445 1383 quam
1469 1302 1510 1362 ed

319 1407 512 1472 Graecorum
528 1405 562 1493 ¹).
599 1405 883 1472 Generosissimum
915 1424 1041 1489 quoque
1067 1407 1116 1468 cst
1140 1404 1297 1496 monitum
1321 1404 1399 1481 hoc,
1424 1408 1511 1489 quod

319 1517 427 1579 eedem
457 1513 548 1595 virgo
581 1512 742 1578 discedens
766 1511 822 1575 dat
846 1512 955 1589 matri,
980 1510 1110 1595 roganti
1133 1510 1209 1594 qnid
1230 1509 1291 1575 sibi
1313 1510 1410 1594 Argis
1434 1531 1510 1594 gra·

317 1619 431 1684 tificari
453 1618 556 1704 possit
579 1618 714 1704 (1455):

521 1728 642 1805 πατέρα
667 1723 718 1788 τὸν
742 1725 822 1800 ἀμὸν
845 1725 890 1800 μὴ
914 1732 1044 1801 στυγεῖ,
1070 1724 1158 1788 πόσιν
1181 1743 1220 1800 γε
1246 1721 1315 1801 σόν,

316 1832 384 1896 noli
400 1836 524 1916 patrem
547 1853 666 1906 meum,
689 1831 840 1894 maritum
860 1852 903 1896 so.
922 1834 1012 1894 tuum
1025 1829 1098 1894 odio
1111 1829 1245 1894 babere!
1259 1829 1351 1904 Quod
1364 1831 1510 1914 quamvis

315 1945 411 2022 poeta
441 1958 508 2001 non
540 1936 750 2020 excogitasset
781 1935 843 2000 nisi
872 1935 1011 2000 monitus
1044 1930 1138 1999 rebus
1161 1957 1242 2019 quae
1265 1939 1357 2000 erant
1381 1935 1510 2002 futurae

316 2044 366 2129 (nt
397 2044 536 2108 ostendit
566 2064 754 2128 responsum
787 2042 1076 2127 Clytaemestrae:
1107 2041 1217 2109 δεινοὺς
1246 2046 1372 2117 ἀγῶνας
1398 2041 1449 2106 διὰ
1474 2044 1508 2108 σὲ

316 2149 364 2214 δεῖ
392 2157 483 2214 κεῖνον
512 2150 670 2235 δραμεῖν),
703 2152 813 2213 tamen
842 2149 1067 2213 documentum
1092 2150 1140 2212 est
1164 2147 1263 2211 animi
1286 2147 1509 2212 humanissimi

315 2256 400 2340 quod
424 2254 576 2320 hocloco
605 2255 680 2319 huic
702 2275 856 2338 personae
875 2255 909 2318 id
932 2253 1054 2317 tribuit.

360 2361 398 2425 ln
426 2360 602 2446 Hippolyto
627 2363 732 2425 exstat
751 2361 932 2444 exemplum
951 2359 1123 2443 singularis
1145 2360 1377 2443 magnitudinis
1396 2361 1508 2428 animi.

314 2466 449 2532 Juveuis
473 2469 641 2552 postquam
666 2466 753 2551 equis
779 2469 899 2531 tractus
923 2465 1002 2543 fuit,
1026 2465 1171 2550 quamvis
1195 2466 1357 2530 doloribus
1380 2467 1508 2532 confec·

318 2575 369 2638 tus
400 2578 508 2638 tamen
539 2571 655 2637 misero
682 2572 768 2656 patri
792 2572 870 2636 dicit
895 2593 928 2636 se
951 2571 1018 2635 eius
1041 2571 1143 2655 magis
1168 2571 1314 2637 miserere
1338 2595 1434 2656 quam
1459 2573 1509 2637 sui

315 2680 416 2764 ipsius
440 2680 573 2764 (1409):

540 2782 634 2848 στένω
660 2807 695 2847 σε
719 2787 842 2858 μᾶλλον
867 2784 883 2858 ἦ
909 2785 960 2860 'ai
983 2792 1038 2857 τῆς
1063 2784 1221 2863 ἁμαρτίας
1237 2783 1273 2870 ²).

360 2889 436 2953 Mox
456 2911 474 2953 a
497 2888 604 2953 Diana
623 2889 730 2972 jussus
754 2888 782 2952 ei
804 2909 934 2972 prorsus
951 2889 1092 2973 ignoscit
1103 2891 1230 2976 (1449).
1244 2890 1283 2954 In
1296 2891 1396 2972 literis
1408 2891 1508 2958 Grae-

313 3043 494 3058 μ-

345 3127 372 3191 1)
391 3127 455 3192 Quid
472 3126 510 3176 his
527 3126 599 3176 velim
616 3126 697 3192 paucis
711 3127 877 3193 explicandum
891 3132 939 3184 cst,
955 3125 1011 3191 quia
1025 3142 1078 3176 mea
1093 3127 1164 3177 verba
1176 3144 1300 3193 perversae
1313 3128 1508 3194 interpretationi

255 3196 257 3201 ’
310 3209 412 3260 obnoxiu
433 3213 498 3259 sunt.
522 3209 597 3259 Video
620 3209 684 3259 enim
706 3209 782 3260 multa
800 3226 814 3259 a
830 3210 888 3258 viris
913 3209 1018 3272 antiquis
1037 3210 1158 3275 praeclare
1176 3210 1238 3259 dicta
1255 3210 1284 3260 ab
1301 3210 1366 3268 aliis,
1384 3213 1509 3275 tamqnam

311 3295 493 3358 praeceptorum
510 3291 704 3341 Christianorum
720 3291 916 3355 significationem
935 3292 1053 3357 quandam
1071 3292 1120 3341 sive
1135 3292 1319 3351 divinationem,
1334 3293 1362 3342 ad
1377 3293 1439 3343 haue
1453 3292 1507 3343 reli·

310 3373 405 3438 ponem
422 3373 521 3432 referri,
539 3372 568 3422 ab
586 3373 640 3422 aliis
654 3388 711 3422 vero
728 3373 783 3422 huic
800 3374 914 3438 denegata
931 3374 976 3422 soli
994 3375 1139 3423 Graecorum
1158 3375 1253 3437 ingenio
1269 3375 1399 3434 vindicari,
1414 3378 1438 3424 et
1452 3376 1509 3425 iude
1564 3367 1567 3370 ¹

310 3455 375 3504 nasei
392 3455 519 3520 aliquando
536 3456 593 3505 satis
611 3471 664 3504 acre
681 3459 808 3505 certamen.
828 3457 900 3518 Quod
914 3457 975 3505 mihi
992 3459 1073 3505 temen
1090 3456 1230 3521 plerumque
1243 3457 1331 3506 inutile
1346 3457 1507 3508 essevidstnr.

311 3538 399 3587 Poetae
424 3538 488 3586 enim
511 3541 536 3587 ct
556 3538 693 3604 philosophi
716 3537 843 3602 aliquando
867 3537 991 3587 enuntiare
1015 3537 1093 3587 solent
1116 3538 1245 3587 sententias
1267 3537 1379 3588 sublimes
1394 3555 1508 3607 praecep·

310 3625 382 3684 taqua
397 3620 557 3678 continentes.
572 3637 632 3685 quaa
646 3619 817 3686 posterioribus
832 3621 927 3670 demum
941 3619 1088 3685 temporibus
1096 3621 1123 3669 iu
1132 3624 1273 3670 cunctorum
1283 3621 1406 3671 homiuum
1415 3621 1508 3672 animos

309 3706 465 3768 penetratura
488 3705 552 3752 sunt.
577 3703 637 3751 lllac
660 3703 791 3752 sententies
806 3706 886 3752 sutem
903 3717 971 3768 saepe
990 3702 1062 3751 etiarn
1079 3703 1187 3768 ipsorum
1204 3707 1329 3752 sudorum
1346 3703 1431 3753 animis
1448 3719 1508 3754 uon·

310 3786 367 3834 dum
392 3783 459 3834 velut
485 3784 548 3848 leges
569 3787 648 3835 certae
670 3787 693 3834 et
716 3789 849 3834 constantes
872 3783 1037 3834 obversentur.
1055 3784 1133 3832 Semel
1150 3788 1258 3844 tantum,
1275 3784 1401 3848 adjuvante
1418 3785 1465 3835 loci
1482 3788 1507 3835 et

309 3867 426 3933 temporis
442 3867 636 3933 opportunitate,
655 3866 680 3916 in
698 3883 736 3917 eas
750 3867 899 3926 incidernut;
914 3866 984 3916 rebus
998 3867 1097 3915 mutatis
1108 3867 1269 3930 exstinguitur
1282 3867 1325 3917 illa
1339 3867 1381 3916 lux
1390 3868 1507 3916 etexindc

309 3953 383 4015 egunt
408 3958 432 3998 et
454 3949 587 4014 loquuntur
608 3949 676 4014 qnasi
700 3965 831 4014 numquam
852 3949 888 3998 itu
910 3949 985 3998 locuti
1003 3953 1088 3999 essent.
1108 3949 1179 3998 Hane
1195 3949 1225 3998 ob
1242 3965 1336 3999 cansam
1353 3966 1429 4014 neque
1445 3950 1507 4000 mihi

309 4047 361 4081 rcm
377 4048 421 4082 acu
436 4035 533 4095 tangere
548 4031 674 4091 ridentur,
689 4032 731 4096 qui
746 4032 900 4096 antiquorum
912 4032 1042 4081 sententias
1056 4047 1149 4096 sparsas
1163 4031 1275 4095 religioni
1289 4031 1439 4081 Christianae
1452 4032 1507 4082 vin-

310 4114 401 4173 dicent,
428 4113 541 4178 quoniam
559 4129 606 4162 non
623 4116 702 4162 certae
719 4113 778 4178 legis
793 4114 842 4165 vim
861 4116 1017 4179 acceperunt;
1037 4129 1113 4178 neque
1129 4116 1210 4162 tamen
1228 4113 1357 4163 adversarii
1374 4130 1411 4163 ura
1424 4113 1507 4177 judice

308 4200 373 4246 recte
388 4211 415 4245 es
431 4196 513 4247 omnia
525 4196 655 4262 sapientias
670 4196 782 4260 antiquas
797 4200 820 4245 et
829 4197 1076 4263 paganaevindicant‚
1086 4197 1198 4260 quoniam
1207 4195 1354 4262 temporibus
1363 4196 1507 4246 Christianis

286 4316 293 4330 ,.
311 4281 406 4329 demum
424 4280 489 4329 iuter
505 4282 631 4346 praecepta
647 4279 759 4338 moralia,
778 4295 838 4344 quac
854 4295 947 4345 semper
964 4283 988 4330 et
1005 4280 1030 4329 in
1048 4295 1128 4329 omnes
1146 4279 1255 4338 valeant,
1274 4282 1368 4344 reospta
1385 4282 1449 4328 sunt.

344 4364 430 4427 Itaque
448 4363 588 4429 iphigeniae
605 4377 699 4427 quoqne
712 4362 784 4412 verba
799 4379 871 4429 supra
884 4363 992 4430 apposita
1006 4363 1079 4412 velim
1094 4361 1226 4412 habeantur
1241 4378 1285 4427 pro
1301 4361 1430 4420 sententis,
1445 4376 1506 4426 quas

309 4461 364 4494 cum
388 4444 460 4494 huius
482 4448 577 4496 tantum
595 4443 641 4493 loci
658 4446 841 4510 opportunitate
857 4445 889 4495 sit
906 4448 975 4504 nata,
994 4445 1143 4494 humanitate
1161 4445 1256 4509 quidem
1274 4446 1420 4494 Graecorum
1436 4459 1507 4509 prse-

311 4532 379 4594 cspta
395 4527 497 4577 moralis
514 4530 624 4593 superet,
643 4543 685 4576 uec
701 4531 782 4577 tamen
798 4528 864 4593 qnasi
883 4528 920 4577 lcx
936 4531 1002 4578 certa
1019 4531 1043 4578 et
1060 4531 1170 4576 constans
1186 4527 1311 4576 enuntiata
1321 4526 1366 4576 ait.
1395 4536 1398 4539 '

345 4612 375 4678 a)
396 4611 507 4660 Conlerri
523 4613 602 4676 potest
620 4611 731 4661 doctrina
749 4611 883 4662 Platonica:
902 4612 977 4662 estius
994 4615 1030 4662 est
1045 4610 1160 4675 injuriam
1173 4609 1278 4675 accipere
1294 4625 1366 4675 quam
1381 4609 1466 4658 frere.
