<?xml version="1.0" encoding="UTF-8"?>
<!DOCTYPE html PUBLIC "-//W3C//DTD XHTML 1.0 Transitional//EN"
    "http://www.w3.org/TR/xhtml1/DTD/xhtml1-transitional.dtd">
<html xmlns="http://www.w3.org/1999/xhtml" xml:lang="en" lang="en">
 <head>
  <title>
</title>
<meta http-equiv="Content-Type" content="text/html;charset=utf-8" />
  <meta name='ocr-system' content='tesseract 3.04.00' />
  <meta name='ocr-capabilities' content='ocr_page ocr_carea ocr_par ocr_line ocrx_word'/>
</head>
<body>
  <div class='ocr_page' id='page_1' title='image "./commentatiodeeu00berlgoog_0108.png"; bbox 0 0 3418 5356; ppageno 0'>
   <div class='ocr_carea' id='block_1_1' title="bbox 766 435 811 501">
    <p class='ocr_par' dir='ltr' id='par_1_1' title="bbox 766 435 811 501">
     <span class='ocr_line' id='line_1_1' title="bbox 766 435 811 501; baseline 0 0"><span class='ocrx_word' id='word_1_1' title='bbox 766 435 811 501; x_wconf 79' lang='lat'><strong>93</strong></span> 
     </span>
    </p>
   </div>
   <div class='ocr_carea' id='block_1_2' title="bbox 190 617 1386 1563">
    <p class='ocr_par' dir='ltr' id='par_1_2' title="bbox 190 617 1386 1563">
     <span class='ocr_line' id='line_1_2' title="bbox 194 617 1384 708; baseline 0.008 -26"><span class='ocrx_word' id='word_1_2' title='bbox 194 619 310 684; x_wconf 77' lang='lat' dir='ltr'><strong>nutura</strong></span> <span class='ocrx_word' id='word_1_3' title='bbox 341 617 623 704; x_wconf 77' lang='lat' dir='ltr'><strong>praetermIttende</strong></span> <span class='ocrx_word' id='word_1_4' title='bbox 653 621 685 685; x_wconf 89' lang='lat' dir='ltr'><strong>et</strong></span> <span class='ocrx_word' id='word_1_5' title='bbox 713 619 846 686; x_wconf 83' lang='lat' dir='ltr'><strong>celanda</strong></span> <span class='ocrx_word' id='word_1_6' title='bbox 868 618 991 708; x_wconf 88' lang='lat' dir='ltr'><strong>esse¹);</strong></span> <span class='ocrx_word' id='word_1_7' title='bbox 1014 622 1041 688; x_wconf 92' lang='lat' dir='ltr'><strong>si</strong></span> <span class='ocrx_word' id='word_1_8' title='bbox 1063 622 1148 688; x_wconf 90' lang='lat' dir='ltr'><strong>enim</strong></span> <span class='ocrx_word' id='word_1_9' title='bbox 1172 627 1217 688; x_wconf 77' lang='lat' dir='ltr'><strong>ex‘</strong></span> <span class='ocrx_word' id='word_1_10' title='bbox 1234 624 1384 692; x_wconf 89' lang='lat' dir='ltr'><strong>omnibus</strong></span> 
     </span>
     <span class='ocr_line' id='line_1_3' title="bbox 193 722 1384 815; baseline 0.005 -23"><span class='ocrx_word' id='word_1_11' title='bbox 193 722 294 792; x_wconf 83' lang='lat' dir='ltr'><strong>literIs</strong></span> <span class='ocrx_word' id='word_1_12' title='bbox 324 723 452 790; x_wconf 84' lang='lat' dir='ltr'><strong>Graecis</strong></span> <span class='ocrx_word' id='word_1_13' title='bbox 479 724 546 790; x_wconf 90' lang='lat' dir='ltr'><strong>eius</strong></span> <span class='ocrx_word' id='word_1_14' title='bbox 568 723 693 792; x_wconf 82' lang='lat' dir='ltr'><strong>fabulas</strong></span> <span class='ocrx_word' id='word_1_15' title='bbox 715 725 818 792; x_wconf 90' lang='lat' dir='ltr'><strong>solum</strong></span> <span class='ocrx_word' id='word_1_16' title='bbox 842 727 1035 812; x_wconf 82' lang='lat' dir='ltr'><strong>legeremus,</strong></span> <span class='ocrx_word' id='word_1_17' title='bbox 1058 750 1125 795; x_wconf 90' lang='lat' dir='ltr'><strong>non</strong></span> <span class='ocrx_word' id='word_1_18' title='bbox 1150 731 1384 815; x_wconf 78' lang='lat' dir='ltr'>suspicaremur</span> 
     </span>
     <span class='ocr_line' id='line_1_4' title="bbox 193 831 1385 903; baseline 0.006 -7"><span class='ocrx_word' id='word_1_19' title='bbox 193 831 387 898; x_wconf 76' lang='lat' dir='ltr'><strong>immortales</strong></span> <span class='ocrx_word' id='word_1_20' title='bbox 417 833 468 898; x_wconf 89' lang='lat' dir='ltr'><strong>tot</strong></span> <span class='ocrx_word' id='word_1_21' title='bbox 494 831 578 897; x_wconf 84' lang='lat' dir='ltr'><strong>vitiis</strong></span> <span class='ocrx_word' id='word_1_22' title='bbox 605 831 703 898; x_wconf 80' lang='lat' dir='ltr'><strong>fuisse</strong></span> <span class='ocrx_word' id='word_1_23' title='bbox 731 833 917 900; x_wconf 86' lang='lat' dir='ltr'><strong>maculatos.</strong></span> <span class='ocrx_word' id='word_1_24' title='bbox 946 833 1109 900; x_wconf 88' lang='lat' dir='ltr'><strong>Summam</strong></span> <span class='ocrx_word' id='word_1_25' title='bbox 1128 837 1331 902; x_wconf 67' lang='lat' dir='ltr'><strong>sanctitatem</strong></span> <span class='ocrx_word' id='word_1_26' title='bbox 1351 842 1385 903; x_wconf 90' lang='lat' dir='ltr'><strong>et</strong></span> 
     </span>
     <span class='ocr_line' id='line_1_5' title="bbox 190 936 1383 1029; baseline 0.005 -26"><span class='ocrx_word' id='word_1_27' title='bbox 190 936 348 1022; x_wconf 81' lang='lat' dir='ltr'><strong>justitium</strong></span> <span class='ocrx_word' id='word_1_28' title='bbox 367 937 406 1002; x_wconf 90' lang='lat' dir='ltr'><strong>iis</strong></span> <span class='ocrx_word' id='word_1_29' title='bbox 428 937 543 1023; x_wconf 87' lang='lat' dir='ltr'><strong>ubique</strong></span> <span class='ocrx_word' id='word_1_30' title='bbox 562 938 700 1005; x_wconf 79' lang='lat' dir='ltr'><strong>ascribit.</strong></span> <span class='ocrx_word' id='word_1_31' title='bbox 721 937 833 1004; x_wconf 85' lang='lat' dir='ltr'><strong>Justos</strong></span> <span class='ocrx_word' id='word_1_32' title='bbox 851 939 1024 1007; x_wconf 84' lang='lat' dir='ltr'><strong>observant</strong></span> <span class='ocrx_word' id='word_1_33' title='bbox 1036 945 1069 1006; x_wconf 91' lang='lat' dir='ltr'><strong>et</strong></span> <span class='ocrx_word' id='word_1_34' title='bbox 1080 941 1233 1026; x_wconf 88' lang='lat' dir='ltr'><strong>injustos,</strong></span> <span class='ocrx_word' id='word_1_35' title='bbox 1247 965 1383 1029; x_wconf 89' lang='lat' dir='ltr'><strong>qnorum</strong></span> 
     </span>
     <span class='ocr_line' id='line_1_6' title="bbox 195 1043 1384 1132; baseline 0.005 -22"><span class='ocrx_word' id='word_1_36' title='bbox 195 1064 288 1110; x_wconf 88' lang='lat' dir='ltr'><strong>nemo</strong></span> <span class='ocrx_word' id='word_1_37' title='bbox 307 1067 449 1130; x_wconf 89' lang='lat' dir='ltr'><strong>unquam</strong></span> <span class='ocrx_word' id='word_1_38' title='bbox 470 1044 662 1131; x_wconf 90' lang='lat' dir='ltr'><strong>supplicium</strong></span> <span class='ocrx_word' id='word_1_39' title='bbox 674 1045 787 1131; x_wconf 82' lang='lat' dir='ltr'><strong>effugit</strong></span> <span class='ocrx_word' id='word_1_40' title='bbox 800 1043 836 1132; x_wconf 84' lang='lat'><strong>²).</strong></span> <span class='ocrx_word' id='word_1_41' title='bbox 849 1045 904 1112; x_wconf 92' lang='lat' dir='ltr'><strong>Bis</strong></span> <span class='ocrx_word' id='word_1_42' title='bbox 915 1052 1010 1132; x_wconf 88' lang='lat' dir='ltr'><strong>poeta</strong></span> <span class='ocrx_word' id='word_1_43' title='bbox 1021 1054 1248 1114; x_wconf 73' lang='lat' dir='ltr'><strong>commemorat</strong></span> <span class='ocrx_word' id='word_1_44' title='bbox 1259 1073 1384 1116; x_wconf 88' lang='lat' dir='ltr'><strong>summa</strong></span> 
     </span>
     <span class='ocr_line' id='line_1_7' title="bbox 193 1152 1383 1237; baseline 0.006 -21"><span class='ocrx_word' id='word_1_45' title='bbox 193 1153 361 1236; x_wconf 85' lang='lat' dir='ltr'><strong>praecepta</strong></span> <span class='ocrx_word' id='word_1_46' title='bbox 394 1152 546 1230; x_wconf 90' lang='lat' dir='ltr'><strong>moralia,</strong></span> <span class='ocrx_word' id='word_1_47' title='bbox 580 1174 661 1237; x_wconf 90' lang='lat' dir='ltr'><strong>quae</strong></span> <span class='ocrx_word' id='word_1_48' title='bbox 692 1153 778 1218; x_wconf 85' lang='lat' dir='ltr'><strong>inter</strong></span> <span class='ocrx_word' id='word_1_49' title='bbox 808 1174 918 1219; x_wconf 90' lang='lat' dir='ltr'><strong>omnes</strong></span> <span class='ocrx_word' id='word_1_50' title='bbox 943 1155 1159 1234; x_wconf 86' lang='lat' dir='ltr'><strong>conveniunt,</strong></span> <span class='ocrx_word' id='word_1_51' title='bbox 1181 1155 1288 1234; x_wconf 71' lang='grc' dir='ltr'><em>νόμους</em></span> <span class='ocrx_word' id='word_1_52' title='bbox 1311 1157 1383 1224; x_wconf 91' lang='lat' dir='ltr'><strong>illos</strong></span> 
     </span>
     <span class='ocr_line' id='line_1_8' title="bbox 194 1259 1383 1348; baseline 0.006 -25"><span class='ocrx_word' id='word_1_53' title='bbox 194 1259 374 1338; x_wconf 65' lang='lat' dir='ltr'><strong>maincove</strong></span> <span class='ocrx_word' id='word_1_54' title='bbox 408 1260 485 1344; x_wconf 80' lang='lat' dir='ltr'><strong>(vid.</strong></span> <span class='ocrx_word' id='word_1_55' title='bbox 510 1281 565 1347; x_wconf 80' lang='lat' dir='ltr'><strong>pg.</strong></span> <span class='ocrx_word' id='word_1_56' title='bbox 590 1263 665 1348; x_wconf 81' lang='grc'><strong>82);</strong></span> <span class='ocrx_word' id='word_1_57' title='bbox 689 1265 722 1327; x_wconf 92' lang='lat' dir='ltr'><strong>et</strong></span> <span class='ocrx_word' id='word_1_58' title='bbox 745 1283 937 1348; x_wconf 89' lang='lat' dir='ltr'><strong>quamquam</strong></span> <span class='ocrx_word' id='word_1_59' title='bbox 961 1284 1028 1328; x_wconf 92' lang='lat' dir='ltr'><strong>non</strong></span> <span class='ocrx_word' id='word_1_60' title='bbox 1053 1264 1178 1330; x_wconf 87' lang='lat' dir='ltr'><strong>disertis</strong></span> <span class='ocrx_word' id='word_1_61' title='bbox 1202 1263 1308 1330; x_wconf 83' lang='lat' dir='ltr'><strong>verbis</strong></span> <span class='ocrx_word' id='word_1_62' title='bbox 1330 1264 1383 1330; x_wconf 94' lang='lat' dir='ltr'><strong>in-</strong></span> 
     </span>
     <span class='ocr_line' id='line_1_9' title="bbox 194 1365 1386 1454; baseline 0.005 -24"><span class='ocrx_word' id='word_1_63' title='bbox 194 1365 279 1430; x_wconf 90' lang='lat' dir='ltr'><strong>dicat</strong></span> <span class='ocrx_word' id='word_1_64' title='bbox 310 1387 364 1431; x_wconf 81' lang='lat' dir='ltr'><strong>eos</strong></span> <span class='ocrx_word' id='word_1_65' title='bbox 388 1387 408 1430; x_wconf 91' lang='lat' dir='ltr'><strong>a</strong></span> <span class='ocrx_word' id='word_1_66' title='bbox 430 1366 490 1432; x_wconf 89' lang='lat' dir='ltr'><strong>diis</strong></span> <span class='ocrx_word' id='word_1_67' title='bbox 517 1368 627 1452; x_wconf 78' lang='lat' dir='ltr'><strong>generi</strong></span> <span class='ocrx_word' id='word_1_68' title='bbox 649 1367 791 1433; x_wconf 92' lang='lat' dir='ltr'><strong>hnmano</strong></span> <span class='ocrx_word' id='word_1_69' title='bbox 815 1367 979 1454; x_wconf 90' lang='lat' dir='ltr'><strong>impositos</strong></span> <span class='ocrx_word' id='word_1_70' title='bbox 1002 1391 1087 1449; x_wconf 90' lang='lat' dir='ltr'><strong>esse,</strong></span> <span class='ocrx_word' id='word_1_71' title='bbox 1112 1372 1219 1436; x_wconf 89' lang='lat' dir='ltr'><strong>tamen</strong></span> <span class='ocrx_word' id='word_1_72' title='bbox 1244 1370 1386 1436; x_wconf 79' lang='lat' dir='ltr'><strong>ostendit</strong></span> 
     </span>
     <span class='ocr_line' id='line_1_10' title="bbox 193 1472 998 1563; baseline 0.006 -27"><span class='ocrx_word' id='word_1_73' title='bbox 193 1491 247 1536; x_wconf 88' lang='lat' dir='ltr'><strong>eos</strong></span> <span class='ocrx_word' id='word_1_74' title='bbox 270 1492 343 1538; x_wconf 88' lang='lat' dir='ltr'><strong>eum</strong></span> <span class='ocrx_word' id='word_1_75' title='bbox 368 1473 509 1539; x_wconf 91' lang='lat' dir='ltr'><strong>numinis</strong></span> <span class='ocrx_word' id='word_1_76' title='bbox 532 1472 665 1560; x_wconf 89' lang='lat' dir='ltr'><strong>imperio</strong></span> <span class='ocrx_word' id='word_1_77' title='bbox 691 1478 760 1540; x_wconf 89' lang='lat' dir='ltr'><strong>arte</strong></span> <span class='ocrx_word' id='word_1_78' title='bbox 783 1474 949 1540; x_wconf 87' lang='lat' dir='ltr'><strong>cohaerere</strong></span> <span class='ocrx_word' id='word_1_79' title='bbox 961 1476 998 1563; x_wconf 80' lang='lat'><strong>⁸).</strong></span> 
     </span>
    </p>
   </div>
   <div class='ocr_carea' id='block_1_3' title="bbox 688 1788 899 1799">
    <p class='ocr_par' dir='ltr' id='par_1_3' title="bbox 688 1788 899 1799">
     <span class='ocr_line' id='line_1_11' title="bbox 688 1788 899 1799; baseline -0.005 -1"><span class='ocrx_word' id='word_1_80' title='bbox 688 1788 899 1799; x_wconf 76' lang='lat'><strong>——-</strong></span> 
     </span>
    </p>
   </div>
   <div class='ocr_carea' id='block_1_4' title="bbox 639 2075 931 2164">
    <p class='ocr_par' dir='ltr' id='par_1_4' title="bbox 639 2075 931 2164">
     <span class='ocr_line' id='line_1_12' title="bbox 639 2075 931 2164; baseline 0.007 -2"><span class='ocrx_word' id='word_1_81' title='bbox 639 2075 827 2162; x_wconf 77' lang='lat' dir='ltr'><strong>CAPUT</strong></span> <span class='ocrx_word' id='word_1_82' title='bbox 849 2078 931 2164; x_wconf 90' lang='lat' dir='ltr'><strong>III.</strong></span> 
     </span>
    </p>
   </div>
   <div class='ocr_carea' id='block_1_5' title="bbox 274 2336 1301 2507">
    <p class='ocr_par' dir='ltr' id='par_1_5' title="bbox 274 2336 1301 2507">
     <span class='ocr_line' id='line_1_13' title="bbox 274 2336 1301 2395; baseline 0.006 -7"><span class='ocrx_word' id='word_1_83' title='bbox 274 2336 420 2388; x_wconf 71' lang='lat' dir='ltr'><strong>Remulo</strong></span> <span class='ocrx_word' id='word_1_84' title='bbox 444 2337 638 2395; x_wconf 67' lang='lat' dir='ltr'><strong>Portunum</strong></span> <span class='ocrx_word' id='word_1_85' title='bbox 663 2339 758 2390; x_wconf 74' lang='lat' dir='ltr'><strong>seul&gt;</strong></span> <span class='ocrx_word' id='word_1_86' title='bbox 781 2340 1020 2392; x_wconf 77' lang='lat' dir='ltr'><strong>Pnluosornos</strong></span> <span class='ocrx_word' id='word_1_87' title='bbox 1044 2341 1088 2392; x_wconf 75' lang='grc' dir='ltr'><strong>ΕΤ</strong></span> <span class='ocrx_word' id='word_1_88' title='bbox 1116 2342 1301 2394; x_wconf 70' lang='lat' dir='ltr'><strong>sormones</strong></span> 
     </span>
     <span class='ocr_line' id='line_1_14' title="bbox 493 2451 1083 2507; baseline 0.005 -4"><span class='ocrx_word' id='word_1_89' title='bbox 493 2452 606 2506; x_wconf 68' lang='lat' dir='ltr'><strong>usaue</strong></span> <span class='ocrx_word' id='word_1_90' title='bbox 630 2453 679 2502; x_wconf 76' lang='lat' dir='ltr'><strong>AD</strong></span> <span class='ocrx_word' id='word_1_91' title='bbox 704 2451 883 2504; x_wconf 78' lang='lat' dir='ltr'>EURIPIDIS</span> <span class='ocrx_word' id='word_1_92' title='bbox 907 2454 1083 2507; x_wconf 76' lang='lat' dir='ltr'><strong>AE&#39;IA&#39;I&#39;EM.</strong></span> 
     </span>
    </p>
   </div>
   <div class='ocr_carea' id='block_1_6' title="bbox 191 2635 1468 3792">
    <p class='ocr_par' dir='ltr' id='par_1_6' title="bbox 191 2635 1468 3685">
     <span class='ocr_line' id='line_1_15' title="bbox 238 2635 1381 2725; baseline 0.004 -23"><span class='ocrx_word' id='word_1_93' title='bbox 238 2635 384 2702; x_wconf 79' lang='lat' dir='ltr'><strong>Vidimus</strong></span> <span class='ocrx_word' id='word_1_94' title='bbox 414 2636 514 2721; x_wconf 79' lang='lat' dir='ltr'><strong>igitur</strong></span> <span class='ocrx_word' id='word_1_95' title='bbox 541 2636 720 2703; x_wconf 82' lang='lat' dir='ltr'><strong>divinitatis</strong></span> <span class='ocrx_word' id='word_1_96' title='bbox 744 2637 906 2703; x_wconf 88' lang='lat' dir='ltr'><strong>notionem</strong></span> <span class='ocrx_word' id='word_1_97' title='bbox 934 2639 1019 2723; x_wconf 90' lang='lat' dir='ltr'><strong>apud</strong></span> <span class='ocrx_word' id='word_1_98' title='bbox 1043 2637 1180 2704; x_wconf 84' lang='lat' dir='ltr'><strong>Graecos</strong></span> <span class='ocrx_word' id='word_1_99' title='bbox 1204 2641 1381 2725; x_wconf 85' lang='lat' dir='ltr'><strong>potentiam</strong></span> 
     </span>
     <span class='ocr_line' id='line_1_16' title="bbox 193 2742 1383 2828; baseline 0.004 -19"><span class='ocrx_word' id='word_1_100' title='bbox 193 2745 319 2809; x_wconf 82' lang='lat' dir='ltr'><strong>tantum</strong></span> <span class='ocrx_word' id='word_1_101' title='bbox 350 2742 537 2828; x_wconf 88' lang='lat' dir='ltr'><strong>complecti,</strong></span> <span class='ocrx_word' id='word_1_102' title='bbox 568 2766 622 2810; x_wconf 90' lang='lat' dir='ltr'><strong>eos</strong></span> <span class='ocrx_word' id='word_1_103' title='bbox 645 2765 719 2810; x_wconf 83' lang='lat' dir='ltr'><strong>vero</strong></span> <span class='ocrx_word' id='word_1_104' title='bbox 742 2748 821 2810; x_wconf 91' lang='lat' dir='ltr'><strong>duce</strong></span> <span class='ocrx_word' id='word_1_105' title='bbox 844 2744 983 2810; x_wconf 88' lang='lat' dir='ltr'><strong>naturali</strong></span> <span class='ocrx_word' id='word_1_106' title='bbox 1005 2744 1132 2811; x_wconf 80' lang='lat' dir='ltr'><strong>virtutis</strong></span> <span class='ocrx_word' id='word_1_107' title='bbox 1155 2745 1383 2815; x_wconf 83' lang='lat' dir='ltr'><strong>informatione</strong></span> 
     </span>
     <span class='ocr_line' id='line_1_17' title="bbox 194 2849 1382 2940; baseline 0.004 -24"><span class='ocrx_word' id='word_1_108' title='bbox 194 2849 275 2916; x_wconf 77' lang='lat' dir='ltr'><strong>diris</strong></span> <span class='ocrx_word' id='word_1_109' title='bbox 295 2849 450 2934; x_wconf 80' lang='lat' dir='ltr'><strong>paulatim</strong></span> <span class='ocrx_word' id='word_1_110' title='bbox 473 2850 629 2936; x_wconf 87' lang='lat' dir='ltr'><strong>plurimas</strong></span> <span class='ocrx_word' id='word_1_111' title='bbox 653 2851 801 2917; x_wconf 87' lang='lat' dir='ltr'><strong>tribuisse</strong></span> <span class='ocrx_word' id='word_1_112' title='bbox 824 2852 976 2932; x_wconf 85' lang='lat' dir='ltr'><strong>virtutes,</strong></span> <span class='ocrx_word' id='word_1_113' title='bbox 1000 2852 1080 2918; x_wconf 80' lang='lat' dir='ltr'><strong>vitia</strong></span> <span class='ocrx_word' id='word_1_114' title='bbox 1102 2854 1222 2918; x_wconf 88' lang='lat' dir='ltr'><strong>tradita</strong></span> <span class='ocrx_word' id='word_1_115' title='bbox 1245 2855 1382 2940; x_wconf 90' lang='lat' dir='ltr'><strong>plerum·</strong></span> 
     </span>
     <span class='ocr_line' id='line_1_18' title="bbox 193 2954 1468 3046; baseline 0.003 -23"><span class='ocrx_word' id='word_1_116' title='bbox 193 2979 253 3044; x_wconf 90' lang='lat' dir='ltr'><strong>que</strong></span> <span class='ocrx_word' id='word_1_117' title='bbox 272 2954 406 3035; x_wconf 83' lang='lat' dir='ltr'><strong>celasse,</strong></span> <span class='ocrx_word' id='word_1_118' title='bbox 424 2957 526 3043; x_wconf 91' lang='lat' dir='ltr'><strong>iisqne</strong></span> <span class='ocrx_word' id='word_1_119' title='bbox 544 2958 580 3022; x_wconf 91' lang='lat' dir='ltr'><strong>in</strong></span> <span class='ocrx_word' id='word_1_120' title='bbox 589 2958 685 3023; x_wconf 89' lang='lat' dir='ltr'><strong>rebus</strong></span> <span class='ocrx_word' id='word_1_121' title='bbox 696 2957 844 3023; x_wconf 88' lang='lat' dir='ltr'><strong>humanis</strong></span> <span class='ocrx_word' id='word_1_122' title='bbox 857 2961 958 3023; x_wconf 78' lang='lat' dir='ltr'><strong>totam</strong></span> <span class='ocrx_word' id='word_1_123' title='bbox 970 2959 1111 3043; x_wconf 87' lang='lat' dir='ltr'><strong>justitiae</strong></span> <span class='ocrx_word' id='word_1_124' title='bbox 1123 2961 1382 3046; x_wconf 87' lang='lat' dir='ltr'><strong>procurationem</strong></span> <span class='ocrx_word' id='word_1_125' title='bbox 1466 2963 1468 2966; x_wconf 75' lang='grc'><strong>’</strong></span> 
     </span>
     <span class='ocr_line' id='line_1_19' title="bbox 193 3063 1383 3154; baseline 0.005 -24"><span class='ocrx_word' id='word_1_126' title='bbox 193 3075 378 3152; x_wconf 86' lang='lat' dir='ltr'><strong>morumque</strong></span> <span class='ocrx_word' id='word_1_127' title='bbox 398 3087 564 3131; x_wconf 84' lang='lat' dir='ltr'><strong>censuram</strong></span> <span class='ocrx_word' id='word_1_128' title='bbox 576 3067 754 3130; x_wconf 86' lang='lat' dir='ltr'><strong>mandasse.</strong></span> <span class='ocrx_word' id='word_1_129' title='bbox 763 3063 828 3134; x_wconf 82' lang='lat' dir='ltr'><strong>Sed</strong></span> <span class='ocrx_word' id='word_1_130' title='bbox 841 3065 1047 3148; x_wconf 83' lang='lat' dir='ltr'><strong>quantumvis</strong></span> <span class='ocrx_word' id='word_1_131' title='bbox 1059 3066 1229 3145; x_wconf 89' lang='lat' dir='ltr'><strong>emendati,</strong></span> <span class='ocrx_word' id='word_1_132' title='bbox 1243 3069 1383 3154; x_wconf 87' lang='lat' dir='ltr'><strong>perfecta</strong></span> 
     </span>
     <span class='ocr_line' id='line_1_20' title="bbox 193 3171 1382 3262; baseline 0.002 -24"><span class='ocrx_word' id='word_1_133' title='bbox 193 3173 366 3259; x_wconf 83' lang='lat' dir='ltr'><strong>sapientiae</strong></span> <span class='ocrx_word' id='word_1_134' title='bbox 384 3173 576 3257; x_wconf 74' lang='lat' dir='ltr'><strong>virtutisque</strong></span> <span class='ocrx_word' id='word_1_135' title='bbox 588 3171 733 3256; x_wconf 85' lang='lat' dir='ltr'><strong>exempla</strong></span> <span class='ocrx_word' id='word_1_136' title='bbox 745 3171 889 3236; x_wconf 89' lang='lat' dir='ltr'><strong>nondum</strong></span> <span class='ocrx_word' id='word_1_137' title='bbox 901 3171 1000 3237; x_wconf 84' lang='lat' dir='ltr'><strong>videri</strong></span> <span class='ocrx_word' id='word_1_138' title='bbox 1012 3177 1173 3257; x_wconf 88' lang='lat' dir='ltr'><strong>poterant.</strong></span> <span class='ocrx_word' id='word_1_139' title='bbox 1187 3174 1226 3238; x_wconf 95' lang='lat' dir='ltr'><strong>Id</strong></span> <span class='ocrx_word' id='word_1_140' title='bbox 1238 3175 1382 3262; x_wconf 80' lang='lat' dir='ltr'><strong>Aeschy-</strong></span> 
     </span>
     <span class='ocr_line' id='line_1_21' title="bbox 193 3277 1382 3367; baseline 0.005 -25"><span class='ocrx_word' id='word_1_141' title='bbox 193 3278 241 3344; x_wconf 89' lang='lat' dir='ltr'><strong>lus</strong></span> <span class='ocrx_word' id='word_1_142' title='bbox 271 3301 369 3367; x_wconf 90' lang='lat' dir='ltr'><strong>quum</strong></span> <span class='ocrx_word' id='word_1_143' title='bbox 400 3280 610 3365; x_wconf 89' lang='lat' dir='ltr'><strong>perspiceret,</strong></span> <span class='ocrx_word' id='word_1_144' title='bbox 642 3277 905 3364; x_wconf 81' lang='lat' dir='ltr'><strong>indignabundus</strong></span> <span class='ocrx_word' id='word_1_145' title='bbox 936 3277 1013 3344; x_wconf 83' lang='lat' dir='ltr'><strong>vitia</strong></span> <span class='ocrx_word' id='word_1_146' title='bbox 1044 3300 1153 3344; x_wconf 88' lang='lat' dir='ltr'><strong>eorum</strong></span> <span class='ocrx_word' id='word_1_147' title='bbox 1179 3280 1382 3365; x_wconf 79' lang='lat' dir='ltr'><strong>vituperavit.</strong></span> 
     </span>
     <span class='ocr_line' id='line_1_22' title="bbox 192 3385 1381 3471; baseline 0.002 -18"><span class='ocrx_word' id='word_1_148' title='bbox 192 3385 345 3453; x_wconf 87' lang='lat' dir='ltr'><strong>Nondum</strong></span> <span class='ocrx_word' id='word_1_149' title='bbox 367 3390 477 3451; x_wconf 90' lang='lat' dir='ltr'><strong>tamen</strong></span> <span class='ocrx_word' id='word_1_150' title='bbox 499 3407 519 3450; x_wconf 94' lang='lat' dir='ltr'><strong>a</strong></span> <span class='ocrx_word' id='word_1_151' title='bbox 540 3385 643 3470; x_wconf 87' lang='lat' dir='ltr'><strong>poetis</strong></span> <span class='ocrx_word' id='word_1_152' title='bbox 666 3387 865 3470; x_wconf 81' lang='lat' dir='ltr'><strong>negatum</strong></span> <span class='ocrx_word' id='word_1_153' title='bbox 890 3388 959 3451; x_wconf 90' lang='lat' dir='ltr'><strong>erat</strong></span> <span class='ocrx_word' id='word_1_154' title='bbox 977 3390 1044 3451; x_wconf 89' lang='lat' dir='ltr'><strong>tam</strong></span> <span class='ocrx_word' id='word_1_155' title='bbox 1062 3385 1381 3471; x_wconf 90' lang='lat' dir='ltr'><strong>impurosdeosesse.</strong></span> 
     </span>
     <span class='ocr_line' id='line_1_23' title="bbox 191 3490 1382 3579; baseline 0.002 -21"><span class='ocrx_word' id='word_1_156' title='bbox 191 3490 357 3578; x_wconf 77' lang='lat' dir='ltr'><strong>Euripides</strong></span> <span class='ocrx_word' id='word_1_157' title='bbox 390 3491 511 3578; x_wconf 85' lang='lat' dir='ltr'><strong>primus</strong></span> <span class='ocrx_word' id='word_1_158' title='bbox 541 3495 707 3576; x_wconf 88' lang='lat' dir='ltr'><strong>poetarum</strong></span> <span class='ocrx_word' id='word_1_159' title='bbox 739 3491 852 3558; x_wconf 86' lang='lat' dir='ltr'><strong>statuit</strong></span> <span class='ocrx_word' id='word_1_160' title='bbox 884 3492 979 3558; x_wconf 91' lang='lat' dir='ltr'><strong>deum</strong></span> <span class='ocrx_word' id='word_1_161' title='bbox 1010 3513 1077 3558; x_wconf 89' lang='lat' dir='ltr'><strong>non</strong></span> <span class='ocrx_word' id='word_1_162' title='bbox 1101 3513 1167 3558; x_wconf 89' lang='lat' dir='ltr'><strong>esse</strong></span> <span class='ocrx_word' id='word_1_163' title='bbox 1189 3512 1281 3579; x_wconf 89' lang='lat' dir='ltr'><strong>posse</strong></span> <span class='ocrx_word' id='word_1_164' title='bbox 1303 3494 1382 3579; x_wconf 88' lang='lat' dir='ltr'><strong>quin</strong></span> 
     </span>
     <span class='ocr_line' id='line_1_24' title="bbox 191 3597 1093 3685; baseline 0.002 -22"><span class='ocrx_word' id='word_1_165' title='bbox 191 3599 278 3665; x_wconf 89' lang='lat' dir='ltr'><strong>omni</strong></span> <span class='ocrx_word' id='word_1_166' title='bbox 302 3603 408 3664; x_wconf 90' lang='lat' dir='ltr'><strong>careat</strong></span> <span class='ocrx_word' id='word_1_167' title='bbox 430 3597 509 3664; x_wconf 80' lang='lat' dir='ltr'><strong>uitio</strong></span> <span class='ocrx_word' id='word_1_168' title='bbox 532 3597 746 3684; x_wconf 65' lang='lat' dir='ltr'><strong>viduumque</strong></span> <span class='ocrx_word' id='word_1_169' title='bbox 767 3597 887 3664; x_wconf 88' lang='lat' dir='ltr'><strong>habeat</strong></span> <span class='ocrx_word' id='word_1_170' title='bbox 908 3597 1093 3685; x_wconf 79' lang='lat' dir='ltr'><strong>perfectam.</strong></span> 
     </span>
    </p>

    <p class='ocr_par' dir='ltr' id='par_1_7' title="bbox 235 3703 1380 3792">
     <span class='ocr_line' id='line_1_25' title="bbox 235 3703 1380 3792; baseline -0.001 -19"><span class='ocrx_word' id='word_1_171' title='bbox 235 3705 311 3774; x_wconf 87' lang='lat' dir='ltr'><strong>Non</strong></span> <span class='ocrx_word' id='word_1_172' title='bbox 335 3709 442 3772; x_wconf 87' lang='lat' dir='ltr'><strong>tamen</strong></span> <span class='ocrx_word' id='word_1_173' title='bbox 465 3704 560 3772; x_wconf 88' lang='lat' dir='ltr'><strong>huius</strong></span> <span class='ocrx_word' id='word_1_174' title='bbox 578 3706 756 3771; x_wconf 87' lang='lat' dir='ltr'><strong>sententiae</strong></span> <span class='ocrx_word' id='word_1_175' title='bbox 773 3703 942 3791; x_wconf 80' lang='lat' dir='ltr'><strong>Euripides</strong></span> <span class='ocrx_word' id='word_1_176' title='bbox 961 3709 1071 3771; x_wconf 87' lang='lat' dir='ltr'><strong>auctor</strong></span> <span class='ocrx_word' id='word_1_177' title='bbox 1089 3707 1196 3792; x_wconf 86' lang='lat' dir='ltr'><strong>potest</strong></span> <span class='ocrx_word' id='word_1_178' title='bbox 1217 3705 1288 3772; x_wconf 86' lang='lat' dir='ltr'><strong>dici.</strong></span> <span class='ocrx_word' id='word_1_179' title='bbox 1302 3705 1380 3772; x_wconf 93' lang='lat' dir='ltr'><strong>Phi-</strong></span> 
     </span>
    </p>
   </div>
   <div class='ocr_carea' id='block_1_7' title="bbox 192 4003 1383 4638">
    <p class='ocr_par' dir='ltr' id='par_1_8' title="bbox 192 4003 1382 4236">
     <span class='ocr_line' id='line_1_26' title="bbox 227 4003 1381 4074; baseline -0.005 -14"><span class='ocrx_word' id='word_1_180' title='bbox 227 4009 253 4074; x_wconf 88' lang='lat'><strong>1)</strong></span> <span class='ocrx_word' id='word_1_181' title='bbox 269 4007 355 4059; x_wconf 76' lang='lat' dir='ltr'><strong>Trscb.</strong></span> <span class='ocrx_word' id='word_1_182' title='bbox 371 4007 421 4062; x_wconf 73' lang='grc'><strong>411</strong></span> <span class='ocrx_word' id='word_1_183' title='bbox 437 4023 488 4074; x_wconf 73' lang='lat' dir='ltr'><strong>sqq.</strong></span> <span class='ocrx_word' id='word_1_184' title='bbox 508 4007 607 4057; x_wconf 83' lang='lat' dir='ltr'><strong>Veneris</strong></span> <span class='ocrx_word' id='word_1_185' title='bbox 622 4005 756 4073; x_wconf 77' lang='lat' dir='ltr'><strong>potentiam</strong></span> <span class='ocrx_word' id='word_1_186' title='bbox 772 4004 892 4055; x_wconf 80' lang='lat' dir='ltr'><strong>celebrem</strong></span> <span class='ocrx_word' id='word_1_187' title='bbox 908 4005 980 4055; x_wconf 73' lang='lat' dir='ltr'><strong>dicits</strong></span> <span class='ocrx_word' id='word_1_188' title='bbox 996 4003 1083 4055; x_wconf 73' lang='lat' dir='ltr'><strong>nutrit</strong></span> <span class='ocrx_word' id='word_1_189' title='bbox 1092 4005 1203 4068; x_wconf 70' lang='grc' dir='ltr'><strong>μὶνθιθν</strong></span> <span class='ocrx_word' id='word_1_190' title='bbox 1221 4003 1381 4068; x_wconf 65' lang='grc' dir='ltr'><strong>παρέβην,</strong></span> 
     </span>
     <span class='ocr_line' id='line_1_27' title="bbox 192 4083 1382 4152; baseline -0.002 -11"><span class='ocrx_word' id='word_1_191' title='bbox 192 4091 234 4142; x_wconf 71' lang='grc' dir='ltr'><strong>καὶ</strong></span> <span class='ocrx_word' id='word_1_192' title='bbox 256 4089 321 4150; x_wconf 68' lang='lat' dir='ltr'><strong>tvnc</strong></span> <span class='ocrx_word' id='word_1_193' title='bbox 342 4087 458 4152; x_wconf 69' lang='grc' dir='ltr'><strong>Κρονίδαν</strong></span> <span class='ocrx_word' id='word_1_194' title='bbox 480 4087 614 4140; x_wconf 65' lang='lat' dir='ltr'><strong>dudum</strong></span> <span class='ocrx_word' id='word_1_195' title='bbox 637 4086 671 4139; x_wconf 80' lang='lat' dir='ltr'><strong>ot</strong></span> <span class='ocrx_word' id='word_1_196' title='bbox 699 4086 796 4152; x_wconf 68' lang='grc' dir='ltr'><em>λέγω,</em></span> <span class='ocrx_word' id='word_1_197' title='bbox 814 4083 871 4136; x_wconf 74' lang='lat' dir='ltr'><strong>cttt</strong></span> <span class='ocrx_word' id='word_1_198' title='bbox 887 4088 931 4136; x_wconf 72' lang='grc' dir='ltr'><strong>τὸν</strong></span> <span class='ocrx_word' id='word_1_199' title='bbox 947 4085 1051 4149; x_wconf 70' lang='lat' dir='ltr'><strong>dcccxcv</strong></span> <span class='ocrx_word' id='word_1_200' title='bbox 1067 4085 1172 4146; x_wconf 68' lang='grc' dir='ltr'><strong>Ἅιδαν,</strong></span> <span class='ocrx_word' id='word_1_201' title='bbox 1189 4085 1203 4146; x_wconf 71' lang='lat' dir='ltr'><strong>e</strong></span> <span class='ocrx_word' id='word_1_202' title='bbox 1221 4084 1382 4139; x_wconf 67' lang='lat' dir='ltr'><strong>nocerem</strong></span> 
     </span>
     <span class='ocr_line' id='line_1_28' title="bbox 194 4171 425 4236; baseline -0.004 -14"><span class='ocrx_word' id='word_1_203' title='bbox 194 4171 326 4234; x_wconf 64' lang='lat' dir='ltr'><strong>rubeum</strong></span> <span class='ocrx_word' id='word_1_204' title='bbox 340 4171 425 4236; x_wconf 74' lang='grc' dir='ltr'><em>γαίας.</em></span> 
     </span>
    </p>

    <p class='ocr_par' dir='ltr' id='par_1_9' title="bbox 194 4251 1382 4402">
     <span class='ocr_line' id='line_1_29' title="bbox 226 4251 1382 4320; baseline -0.001 -14"><span class='ocrx_word' id='word_1_205' title='bbox 226 4255 255 4320; x_wconf 76' lang='lat'><strong>8)</strong></span> <span class='ocrx_word' id='word_1_206' title='bbox 271 4255 378 4320; x_wconf 74' lang='lat' dir='ltr'><strong>Iongum</strong></span> <span class='ocrx_word' id='word_1_207' title='bbox 394 4257 431 4305; x_wconf 83' lang='lat' dir='ltr'><strong>est</strong></span> <span class='ocrx_word' id='word_1_208' title='bbox 447 4269 529 4304; x_wconf 83' lang='lat' dir='ltr'><strong>omues</strong></span> <span class='ocrx_word' id='word_1_209' title='bbox 545 4255 631 4304; x_wconf 76' lang='lat' dir='ltr'><strong>afferre</strong></span> <span class='ocrx_word' id='word_1_210' title='bbox 647 4253 725 4314; x_wconf 58' lang='lat' dir='ltr'><strong>locon</strong></span> <span class='ocrx_word' id='word_1_211' title='bbox 743 4253 790 4302; x_wconf 83' lang='lat' dir='ltr'><strong>rid.</strong></span> <span class='ocrx_word' id='word_1_212' title='bbox 809 4251 895 4302; x_wconf 79' lang='lat' dir='ltr'><strong>I&#39;rsch.</strong></span> <span class='ocrx_word' id='word_1_213' title='bbox 913 4252 962 4302; x_wconf 81' lang='lat' dir='ltr'><strong>lac</strong></span> <span class='ocrx_word' id='word_1_214' title='bbox 979 4266 1032 4317; x_wconf 80' lang='lat' dir='ltr'><strong>sqq.</strong></span> <span class='ocrx_word' id='word_1_215' title='bbox 1050 4251 1115 4303; x_wconf 86' lang='lat' dir='ltr'><strong>Phil.</strong></span> <span class='ocrx_word' id='word_1_216' title='bbox 1133 4252 1197 4303; x_wconf 73' lang='lat'><strong>1⁰86</strong></span> <span class='ocrx_word' id='word_1_217' title='bbox 1205 4266 1241 4316; x_wconf 81' lang='lat' dir='ltr'><strong>eq.</strong></span> <span class='ocrx_word' id='word_1_218' title='bbox 1258 4252 1382 4306; x_wconf 59' lang='lat' dir='ltr'><strong>omont.</strong></span> 
     </span>
     <span class='ocr_line' id='line_1_30' title="bbox 194 4335 907 4402; baseline -0.007 -13"><span class='ocrx_word' id='word_1_219' title='bbox 194 4337 259 4390; x_wconf 85' lang='lat' dir='ltr'><strong>noc</strong></span> <span class='ocrx_word' id='word_1_220' title='bbox 274 4352 310 4402; x_wconf 81' lang='lat' dir='ltr'><strong>eq.</strong></span> <span class='ocrx_word' id='word_1_221' title='bbox 328 4335 393 4390; x_wconf 76' lang='lat' dir='ltr'><strong>leot</strong></span> <span class='ocrx_word' id='word_1_222' title='bbox 410 4353 444 4402; x_wconf 83' lang='lat' dir='ltr'><strong>eq.</strong></span> <span class='ocrx_word' id='word_1_223' title='bbox 462 4337 501 4387; x_wconf 80' lang='lat' dir='ltr'><strong>si.</strong></span> <span class='ocrx_word' id='word_1_224' title='bbox 521 4337 570 4387; x_wconf 75' lang='lat'><strong>122</strong></span> <span class='ocrx_word' id='word_1_225' title='bbox 585 4351 636 4402; x_wconf 80' lang='lat' dir='ltr'><strong>sqq.</strong></span> <span class='ocrx_word' id='word_1_226' title='bbox 654 4335 692 4386; x_wconf 77' lang='lat' dir='ltr'><strong>El·</strong></span> <span class='ocrx_word' id='word_1_227' title='bbox 711 4335 773 4395; x_wconf 73' lang='lat'><strong>1⁵1⁶.</strong></span> <span class='ocrx_word' id='word_1_228' title='bbox 792 4335 855 4386; x_wconf 76' lang='lat'><em>1888</em></span> <span class='ocrx_word' id='word_1_229' title='bbox 871 4349 907 4399; x_wconf 81' lang='lat' dir='ltr'><strong>eq.</strong></span> 
     </span>
    </p>

    <p class='ocr_par' dir='ltr' id='par_1_10' title="bbox 193 4417 1383 4638">
     <span class='ocr_line' id='line_1_31' title="bbox 226 4417 1383 4486; baseline 0 -14"><span class='ocrx_word' id='word_1_230' title='bbox 226 4421 256 4485; x_wconf 74' lang='lat'><strong>⁸)</strong></span> <span class='ocrx_word' id='word_1_231' title='bbox 272 4421 331 4470; x_wconf 87' lang='lat' dir='ltr'><strong>Oed.</strong></span> <span class='ocrx_word' id='word_1_232' title='bbox 357 4423 385 4472; x_wconf 74' lang='lat' dir='ltr'>R</span> <span class='ocrx_word' id='word_1_233' title='bbox 409 4420 457 4474; x_wconf 76' lang='grc'><strong>807</strong></span> <span class='ocrx_word' id='word_1_234' title='bbox 481 4421 507 4470; x_wconf 89' lang='lat' dir='ltr'><strong>in</strong></span> <span class='ocrx_word' id='word_1_235' title='bbox 528 4420 625 4470; x_wconf 71' lang='lat' dir='ltr'><strong>uthere</strong></span> <span class='ocrx_word' id='word_1_236' title='bbox 641 4435 681 4470; x_wconf 81' lang='lat' dir='ltr'><strong>cce</strong></span> <span class='ocrx_word' id='word_1_237' title='bbox 697 4423 826 4486; x_wconf 72' lang='lat' dir='ltr'><strong>prognatos</strong></span> <span class='ocrx_word' id='word_1_238' title='bbox 844 4417 1020 4485; x_wconf 79' lang='lat' dir='ltr'><strong>Olympumque</strong></span> <span class='ocrx_word' id='word_1_239' title='bbox 1036 4419 1115 4470; x_wconf 82' lang='lat' dir='ltr'><strong>solum</strong></span> <span class='ocrx_word' id='word_1_240' title='bbox 1132 4433 1215 4468; x_wconf 84' lang='lat' dir='ltr'><strong>eorum</strong></span> <span class='ocrx_word' id='word_1_241' title='bbox 1231 4431 1281 4468; x_wconf 81' lang='lat' dir='ltr'><strong>esee</strong></span> <span class='ocrx_word' id='word_1_242' title='bbox 1298 4435 1383 4486; x_wconf 81' lang='lat' dir='ltr'><strong>peren·</strong></span> 
     </span>
     <span class='ocr_line' id='line_1_32' title="bbox 194 4498 1383 4568; baseline -0.002 -14"><span class='ocrx_word' id='word_1_243' title='bbox 194 4507 244 4554; x_wconf 74' lang='lat' dir='ltr'><strong>teu</strong></span> <span class='ocrx_word' id='word_1_244' title='bbox 265 4503 329 4552; x_wconf 83' lang='lat' dir='ltr'><strong>dicit.</strong></span> <span class='ocrx_word' id='word_1_245' title='bbox 352 4502 391 4553; x_wconf 80' lang='lat' dir='ltr'><strong>si.</strong></span> <span class='ocrx_word' id='word_1_246' title='bbox 415 4503 481 4552; x_wconf 74' lang='lat'><em>1848</em></span> <span class='ocrx_word' id='word_1_247' title='bbox 505 4505 573 4554; x_wconf 79' lang='lat' dir='ltr'><strong>vocet</strong></span> <span class='ocrx_word' id='word_1_248' title='bbox 598 4503 711 4554; x_wconf 66' lang='lat' dir='ltr'><strong>odacrum</strong></span> <span class='ocrx_word' id='word_1_249' title='bbox 734 4498 825 4568; x_wconf 70' lang='lat' dir='ltr'><strong>tegu’&#39;;</strong></span> <span class='ocrx_word' id='word_1_250' title='bbox 843 4501 936 4568; x_wconf 77' lang='lat' dir='ltr'><strong>pariter</strong></span> <span class='ocrx_word' id='word_1_251' title='bbox 954 4500 1034 4566; x_wconf 69' lang='lat' dir='ltr'><strong>Antip.</strong></span> <span class='ocrx_word' id='word_1_252' title='bbox 1051 4503 1115 4561; x_wconf 76' lang='grc'><strong>414,</strong></span> <span class='ocrx_word' id='word_1_253' title='bbox 1132 4499 1172 4550; x_wconf 87' lang='lat' dir='ltr'><strong>ubi</strong></span> <span class='ocrx_word' id='word_1_254' title='bbox 1189 4503 1269 4550; x_wconf 81' lang='lat' dir='ltr'><strong>temen</strong></span> <span class='ocrx_word' id='word_1_255' title='bbox 1286 4500 1383 4566; x_wconf 73' lang='lat' dir='ltr'><strong>subiicit</strong></span> 
     </span>
     <span class='ocr_line' id='line_1_33' title="bbox 193 4583 822 4638; baseline -0.003 -2"><span class='ocrx_word' id='word_1_256' title='bbox 193 4583 344 4638; x_wconf 74' lang='lat' dir='ltr'><strong>nemiuem</strong></span> <span class='ocrx_word' id='word_1_257' title='bbox 361 4583 486 4638; x_wconf 77' lang='lat' dir='ltr'><strong>eoricus</strong></span> <span class='ocrx_word' id='word_1_258' title='bbox 512 4585 591 4638; x_wconf 86' lang='lat' dir='ltr'><strong>unde</strong></span> <span class='ocrx_word' id='word_1_259' title='bbox 615 4583 822 4636; x_wconf 75' lang='lat' dir='ltr'><strong>manaverint</strong></span> 
     </span>
    </p>
   </div>
   <div class='ocr_carea' id='block_1_8' title="bbox 0 0 1715 5356">
    <p class='ocr_par' dir='ltr' id='par_1_11' title="bbox 0 0 1715 5356">
     <span class='ocr_line' id='line_1_34' title="bbox 0 0 1715 5356; baseline 0 0"><span class='ocrx_word' id='word_1_260' title='bbox 0 0 1715 5356; x_wconf 95' lang='lat' dir='ltr'><strong> </strong></span> 
     </span>
    </p>
   </div>
  </div>
 </body>
</html>
