3418 5356
196 589 228 652 et
250 585 409 652 Pindarus
431 585 498 672 (01.
522 585 549 653 Ι.
576 587 654 672 90):

291 691 329 760 ύν
352 695 379 760 ol
402 695 505 775 σοιτδιρ
530 693 740 775 ὑπερκρέμασε
764 695 906 775 ιιοιρσερδν
930 695 1014 776 adr&
1037 695 1165 773 λῖύον,

288 799 339 867 σδν
362 801 422 866 aial
446 807 586 878 μενοινῶν
611 804 756 882 νεφολοῖς
781 799 896 878 βοιλεῖν
919 799 1106 882 εὐφροσύνας
1131 803 1261 868 assem.

242 905 354 992 Neque
376 927 435 993 ego
456 907 578 972 inistis
599 905 718 972 Orestis
739 906 880 973 versibus
900 906 988 972 aliud
1007 907 1181 994 quidquam
1194 909 1384 994 viderepos·

196 1037 266 1080 sum
301 1013 363 1079 nisi
397 1035 549 1100 magnam
584 1036 695 1099 rupem
730 1014 965 1100 quodammodo
1001 1037 1097 1100 supra
1127 1015 1258 1080 Tantali
1288 1020 1385 1101 eaput

196 1142 400 1206 suspensam,
431 1143 526 1207 quam
558 1121 855 1207 interpretationem
885 1121 1048 1188 nonnullis
1070 1121 1195 1206 plaeere
1216 1123 1252 1186 in
1275 1123 1386 1188 iisdem

196 1226 324 1293 scholiis
346 1227 524 1294 affirmatur
536 1226 573 1315 ¹).

243 1333 362 1401 Verum
391 1336 426 1400 in
451 1335 611 1420 insignem
632 1335 825 1422 minimeque
844 1335 1053 1421 spernendam
1075 1336 1267 1401 sententiam
1290 1335 1389 1401 insidi

196 1442 281 1526 apud
304 1442 507 1528 scriptorem,
531 1464 625 1526 quem
649 1445 686 1506 ut
696 1441 757 1508 hae
769 1443 807 1508 de
819 1464 853 1508 re
865 1443 1060 1508 consulerem
1074 1441 1153 1506 mihi
1166 1465 1340 1529 numquam
1351 1442 1387 1506 in

196 1551 335 1613 mentem
354 1549 500 1614 venisset.
522 1546 665 1624 Goethe‚
682 1550 776 1632 poeta
788 1549 932 1612 omnium
946 1547 1184 1632 disciplinarum
1197 1568 1333 1633 gnarus,
1346 1549 1387 1612 ad

195 1653 358 1739 Euripidis
379 1654 611 1720 Phaethontem
632 1655 732 1738 (ouius
748 1654 1013 1719 instaurationem
1034 1654 1229 1739 propositam
1250 1655 1387 1719 maximo

197 1781 269 1825 eum
293 1761 369 1826 artis
393 1761 583 1826 detrimento
607 1759 757 1844 perficere
780 1782 847 1826 non
870 1761 990 1847 potnit)
1015 1760 1053 1825 de
1076 1760 1220 1826 illavoee
1231 1761 1386 1845 quaedam

197 1867 367 1931 annotavit
396 1865 555 1952 (semmel.
587 1866 642 1931 W.
674 1865 838 1952 Stuttgart
857 1867 948 1933 Tom.
968 1865 1016 1952 V,
1036 1887 1090 1952 pg.
1114 1868 1201 1946 657).
1215 1865 1389 1933 Contendit

197 1972 335 2058 primum
365 1972 576 2038 Phaethontis
610 1995 716 2038 ossum
750 1995 814 2038 uno
829 2035 833 2042 ,
849 1976 977 2038 tantum
1002 1974 1140 2038 tonitrus
1163 1973 1298 2059 strepitu
1323 1975 1386 2060 sig·

199 2079 363 2145 nificatum
394 2079 516 2144 nullam
546 2079 627 2145 ooeli
658 2079 930 2165 perturbationem
963 2079 1119 2158 effecisse,
1143 2080 1269 2165 qualem
1294 2080 1387 2146 Non·

199 2209 261 2252 nus
282 2191 314 2252 et
337 2185 468 2253 Ovidius
491 2186 672 2266 finxerunt,
697 2188 752 2251 sed
776 2189 885 2252 eodem
908 2189 1002 2251 modo
1027 2187 1168 2252 evenisse
1193 2186 1292 2252 veluti
1315 2209 1388 2252 eum

201 2377 380 2388 -—-———-

234 2489 261 2552 1)
277 2487 417 2538 Enststhine
433 2487 506 2538 etiam
523 2491 606 2538 narrat
622 2487 758 2548 Tantalum,
775 2488 839 2552 qnod
854 2488 921 2539 velut
936 2491 1089 2554 Anaxagoras
1097 2487 1171 2538 solem
1180 2488 1282 2554 lapidem
1292 2487 1389 2552 igneum

199 2570 308 2631 dirimet,
330 2587 359 2620 eo
375 2571 446 2620 modo
463 2570 560 2636 abipso
579 2570 629 2620 sole
645 2571 758 2636 pnnitnm
778 2574 838 2620 esset
859 2571 902 2635 (sd
919 2571 1003 2636 Odyas.
1022 2573 1066 2621 XI.
1086 2571 1160 2636 581):
1179 2568 1254 2620 ύλλοι
1272 2568 1299 2619 δδ
1317 2569 1390 2632 φιλύ-

200 2659 275 2715 σοφον
296 2655 423 2717 γεγονότα
445 2653 489 2702 rev
514 2652 644 2702 Τύνσοιλον
661 2651 765 2720 δοξάσαι
784 2648 852 2702 ederes
871 2651 960 2715 μύδρον
977 2648 1038 2703 εἶναι
1056 2654 1100 2702 σδν
1115 2653 1184 2710 ῖίλισν
1202 2652 1245 2702 aa?
1262 2651 1297 2714 μῆ
1314 2649 1389 2712 σῶμά

200 2752 226 2783 τι
249 2735 309 2785 tries
332 2735 375 2786 ιιιεδ
394 2734 474 2800 γύμον
490 2734 597 2798 ἀρρήτων
615 2734 753 2798 δννύμειιν,
771 2735 822 2785 tiss
842 2734 913 2792 ιἰλῖον
932 2737 1004 2800 χύλιρ
1023 2735 1182 2798 τιμωρεῖσύοιι
1201 2734 1270 2786 λῖύσν
1285 2715 1393 2792 διηνεκεῖ

200 2822 329 2883 ιειτιφορᾳ
351 2817 486 2880 ἠρτημένον
508 2821 606 2882 χρνσῖρρ
622 2817 665 2868 sal
682 2817 715 2876 dr
732 2817 809 2868 εἰπεῖν
826 2816 946 2876 ἧλιύδονς
963 2816 1077 2876 ἁλύσεως
1095 2847 1128 2856 -
1145 2819 1224 2881 ‘serp
1240 2819 1290 2882 γὰρ
1308 2815 1322 2872 οἱ
1341 2817 1388 2866 σού

200 2903 295 2960 χρυσοῖ
321 2901 369 2958 llas
393 2900 523 2951 ἀνακεῖσιι
546 2930 579 2939 -
602 2901 641 2950 ‘lua
664 2900 720 2963 supi
740 2899 754 2949 δ
776 2899 895 2964 tedam
919 2898 1007 2950 ἰκεῖύεν
1025 2899 1061 2958 ds
1080 2898 1150 2964 οιῖισῷ
1169 2899 1183 2956 ἡ
1201 2900 1285 2958 rossi,
1302 2898 1391 2950 ύνιιύεν

200 2977 292 3040 δηλαδὴ
314 2982 357 3033 sal
374 2985 416 3032 διδ
436 2982 555 3042 ἧλιύδονρ
572 2983 633 3041 ύλιρρ
650 2983 693 3032 sal
710 2981 751 3032 διδ
770 2983 854 3042 λῖύον,
871 2983 899 3041 ὃς
917 2981 946 3040 δὴ
963 2981 1076 3044 ύμοεῖδιρς
1098 3001 1137 3041 τις
1154 2988 1190 3045 τῷ
1209 2981 1292 3044 μύδριρ
1311 2979 1391 3032 ioris.

232 3066 292 3115 'lota
314 3082 352 3116 res
374 3067 434 3116 mihi
456 3065 559 3116 tenebris
581 3065 682 3115 obducta
698 3066 802 3116 ridetur.
820 3065 926 3116 Omnino
943 3069 1028 3115 nomtn
1046 3065 1146 3130 dignum
1163 3066 1277 3130 estquod
1295 3065 1391 3114 nonnisi

200 3147 267 3212 penei
288 3149 385 3214 qnidam
408 3151 432 3198 et
453 3152 559 3199 reeentea
581 3151 690 3198 anotoree
713 3147 835 3214 Euripidis
851 3147 1028 3198 consensionem
1044 3163 1099 3198 enm
1116 3149 1257 3210 Anaxagora
1275 3146 1390 3196 referunt.

202 3229 349 3281 Plseitornm
365 3231 425 3297 phil.
443 3231 558 3296 scriptor,
577 3230 619 3294 qni
636 3244 706 3295 saepe
722 3230 882 3295 Anaxagoreie
896 3229 1013 3294 dogmatis
1028 3228 1184 3294 oongrnentia
1198 3227 1321 3293 Euripidis
1336 3227 1391 3278 snb-

197 3311 262 3376 jieit,
280 3313 325 3363 hoe
342 3313 429 3364 omisit.
448 3315 515 3379 Quae
533 3312 614 3363 omnia
629 3328 667 3362 me
684 3315 811 3362 moverunt
827 3315 855 3363 nt
871 3312 905 3362 sie
921 3327 946 3362 se
963 3327 1015 3363 rem
1033 3311 1119 3362 habere
1136 3310 1285 3373 eonjioerem.

233 3397 262 3446 ln
287 3395 381 3445 Orestis
406 3394 511 3445 versibus
536 3393 628 3461 opinati
650 3398 707 3444 eunt
733 3393 840 3458 glebam,
855 3408 917 3460 quse
934 3395 1012 3444 media
1028 3395 1092 3444 inter
1108 3393 1201 3442 ooelnm
1217 3396 1242 3441 et
1257 3395 1349 3442 terram
1365 3393 1391 3442 in

201 3483 252 3528 edre
272 3479 399 3545 penderet,
419 3478 481 3528 nihil
497 3478 563 3528 alind
580 3477 712 3542 eignifloare
729 3493 796 3542 posse
814 3477 861 3527 nisi
877 3477 959 3528 solem.
979 3479 1043 3527 Nam
1060 3475 1133 3526 schol.
1152 3475 1222 3524 Pind.
1241 3475 1283 3539 (ad
1301 3476 1341 3526 01.
1360 3477 1392 3536 Ι),

200 3576 268 3624 quem
284 3561 348 3612 hune
364 3561 442 3611 loenm
457 3561 574 3626 respieere
588 3559 669 3610 nullus
682 3558 779 3620 dubito,
795 3560 867 3611 dicit:
881 3557 940 3609 ῖνιοι
954 3557 981 3607 δδ
995 3555 1113 3608 aaran
1125 3558 1169 3606 σδν
1183 3555 1273 3620 ris-pes
1288 3553 1330 3608 iri
1344 3559 1391 3606 τού

201 3639 276 3694 tarsu
300 3643 343 3692 τδν
364 3644 413 3705 γδρ
436 3642 567 3692 Τύνσιιλον
588 3643 741 3705 possemus
762 3643 892 3704 γενόμενον
916 3639 957 3689 nal
975 3637 1065 3702 μύδρον
1081 3637 1245 3701 ἀποφήναντα
1264 3641 1307 3689 σδν
1324 3640 1392 3698 ύλισν

201 3718 240 3772 δεῖ
263 3721 347 3788 τούτῳ
365 3721 589 3789 armamaxas,
614 3723 697 3773 iteri
717 3723 771 3773 καῖ
788 3721 1021 3786 διιοιιοιρεῖσύιει
1044 3718 1131 3785 αύτῷ
1155 3723 1210 3772 τδν
1227 3721 1331 3780 ύλιον,
1348 3720 1393 3784 ὑφ’

202 3801 219 3866 ᾧ
236 3804 413 3868 despue-otetur
428 3806 471 3856 ιιοιῖ
485 3805 682 3864 καταπτήσσειν.
702 3809 783 3873 Quum
797 3807 869 3858 eimnl
884 3807 909 3856 in
918 3805 1026 3856 animum
1035 3806 1128 3856 veniret
1139 3805 1286 3870 Anaxagorei
1296 3805 1392 3871 plaeiti,

202 3888 226 3938 ix
249 3893 362 3956 promptu
386 3893 438 3940 erat
464 3891 549 3940 testari
572 3890 713 3956 Euripidem
735 3889 809 3940 solem
831 3904 924 3938 roesam
950 3885 1062 3952 xpectas
1088 3890 1182 3950 βύλον,
1206 3888 1235 3936 sd
1257 3887 1393 3954 exemplum

201 3971 363 4036 pneeeptoris.
382 3973 438 4037 Quo
455 3974 537 4023 andito
554 3973 616 4022 alins
628 3974 746 4038 quispiam
761 3988 846 4038 parum
860 3971 989 4036 diligenter
1005 3971 1116 4021 instituta
1131 3969 1233 4020 leetione
1247 3971 1352 4020 affirmat
1366 3970 1392 4022 in

201 4053 347 4104 Phaethonte
369 4055 443 4105 solem
461 4055 496 4104 ita
512 4056 606 4116 semri,
624 4056 736 4121 qnoniam
753 4055 843 4105 scilieet
861 4055 886 4104 in
904 4055 949 4104 hoe
966 4055 1073 4104 fflmate
1089 4054 1119 4103 de
1137 4052 1187 4102 sole
1203 4053 1323 4118 plurimus
1340 4057 1393 4104 erat

201 4151 276 4186 sermo
290 4137 342 4202 (qni
351 4153 420 4187 error
430 4139 513 4188 eadem
522 4139 615 4188 ratione
623 4155 637 4188 a
646 4137 781 4188 Matthiaeo
790 4137 943 4203 explicatur).
953 4137 993 4186 Sio
1008 4151 1052 4202 per
1061 4135 1138 4186 sarias
1146 4134 1255 4200 ambages
1264 4139 1289 4186 et
1299 4151 1394 4188 errores

201 4235 228 4268 eo
250 4220 356 4270 venimus
377 4221 536 4282 eoniusionis,
559 4225 587 4273 ut
608 4221 638 4271 ab
659 4219 768 4271 omnibus
785 4219 833 4270 iam
851 4223 1044 4283 quaeraturque
1060 4219 1157 4268 tandm
1173 4216 1226 4268 loeo
1243 4217 1300 4269 Eur.
1318 4219 1393 4268 solem

201 4303 318 4354 roraverit
334 4301 447 4368 χρνσύοιν
464 4305 558 4366 βῶλον,
575 4320 617 4354 nae
635 4303 777 4368 oonjeotnris
794 4301 907 4353 abstineri
924 4317 991 4368 posse
1007 4301 1116 4352 rideatur
1131 4303 1159 4351 at
1173 4300 1195 4350 ai
1210 4299 1354 4352 restituatur
1367 4300 1393 4350 id

201 4388 263 4452 qnod
280 4403 409 4452 numquam
424 4387 525 4437 dixerit!

234 4470 314 4519 Sentio
330 4475 410 4521 umen
427 4469 544 4519 insertam
560 4484 610 4518 esse
627 4468 794 4534 suspicionem,
813 4483 887 4532 qnare
904 4483 955 4516 eam
974 4467 1067 4517 nonani
1086 4466 1110 4515 in
1126 4467 1280 4516 annotatione
1294 4467 1394 4518 minutis

201 4567 333 4618 expressam
349 4553 414 4618 typis
432 4551 541 4618 proferre
558 4567 628 4602 ansus
644 4567 704 4600 aum.
