3422 5362
769 419 832 486 193

251 601 418 688 Euripides
450 623 578 688 quoque
606 601 726 688 optime
748 605 947 687 perspectum
971 601 1111 668 habebat
1132 602 1298 690 ingenium
1322 624 1393 668 mu·

205 707 320 788 liebre‚
353 709 482 794 eiusque
505 707 731 794 perfectionem
754 708 928 774 illustravit
950 707 1112 774 Alcestide
1135 709 1299 794 Polyxena
1322 709 1394 774 Mc·
1455 695 1461 706 ’

205 815 289 880 caria
322 815 445 882 Iocaste
478 814 657 900 Iphigenia.
691 812 782 890 Quod
812 814 844 880 id
875 817 949 900 post
980 813 1156 880 Homerum
1189 837 1272 881 unus
1300 814 1393 894 fecit,

203 920 306 986 fateor
336 944 387 987 me
416 921 509 987 huius
539 923 585 987 rei
614 921 735 987 nullam
767 943 894 986 causam
922 921 1063 987 indicare
1093 943 1184 1008 posse
1215 922 1278 987 uisi
1308 922 1394 1006 quod

203 1027 236 1092 id
266 1029 343 1094 tulit
371 1028 438 1094 eius
468 1029 645 1114 ingenium.
677 1027 809 1112 Saepius
832 1028 1068 1094 observavimus
1091 1049 1163 1094 eum
1182 1029 1288 1093 auimo
1305 1028 1394 1095 velut

203 1134 412 1219 praesensisse
434 1138 579 1220 tempora
598 1134 791 1219 posteriora3
812 1135 857 1200 sic
877 1135 974 1199 etiam
993 1135 1028 1199 in
1041 1132 1392 1219 hacrequodammodo

203 1241 360 1306 divinavit
381 1241 492 1327 quales
514 1241 647 1306 virtutes
670 1241 705 1306 in
729 1240 857 1306 feminis
874 1240 1029 1318 laterent,
1049 1261 1130 1325 quae
1143 1244 1254 1326 postes
1266 1241 1392 1306 demum

203 1347 388 1426 eluxerunt,
413 1371 511 1434 quum
535 1368 628 1413 sexus
649 1347 813 1414 muliebris
838 1368 895 1413 suo
919 1346 989 1412 loco
1013 1351 1096 1412 esset
1118 1346 1301 1413 collocatus.
1330 1345 1394 1412 Vix

203 1473 282 1539 opus
305 1460 353 1521 est
375 1455 478 1520 dicere
502 1454 636 1520 feminas
660 1453 807 1539 aequales
831 1454 946 1518 cinon
967 1453 1109 1539 exemplo
1130 1453 1243 1537 fuisse,
1257 1454 1395 1520 sedeum
1456 1453 1460 1460 '

202 1560 262 1625 sibi
278 1567 310 1626 et
322 1561 469 1627 mulieres
481 1563 628 1626 ettotam
642 1558 908 1625 familiaestatum
917 1559 1075 1624 diversum
1088 1560 1298 1645 proposuisse.
1310 1558 1395 1625 Nam

202 1672 443 1753 quotaquaeque
470 1671 688 1732 matronarum
723 1665 967 1730 Atheniensium
991 1669 1027 1730 ut
1049 1665 1185 1731 Alcestis
1208 1671 1240 1730 et
1262 1665 1396 1730 Euadne

203 1775 311 1839 mariti
341 1795 449 1839 amore
480 1778 567 1839 mota
598 1777 734 1838 mortem
763 1771 901 1857 petivit?
937 1769 1024 1847 Quae
1058 1775 1160 1837 mater
1193 1771 1305 1836 similis
1328 1774 1397 1836 erat

202 1878 361 1958 locastae,
392 1902 473 1967 quae
504 1901 628 1946 summo
658 1900 766 1944 amore
796 1901 983 1963 summaque
1014 1879 1205 1945 anctoritate
1228 1879 1311 1944 filios
1334 1877 1396 1944 eibi

201 1987 337 2052 invicem
361 1987 493 2053 infestos
517 1989 552 2052 iu
575 1987 712 2072 gratiam
737 1985 942 2051 reconciliare
966 1989 1120 2064 conatur,
1147 2007 1222 2052 mox
1240 1985 1394 2050 incorum

202 2093 385 2178 corporibus
409 2116 442 2160 se
464 2095 535 2180 ipsa
557 2092 735 2158 interficit?
758 2091 833 2156 Non
857 2091 942 2176 apud
964 2090 1179 2157 Athenienses
1202 2095 1271 2156 erat

335 2200 465 2278 μεγάλη
489 2201 625 2279 repeteres
650 2197 732 2277 civici
756 2196 852 2262 τέκνα
876 2198 929 2261 acl
953 2197 1031 2276 γυνή
1056 2195 1197 2281 (Oedfr.
1212 2197 1301 2281 547).

201 2303 276 2372 Non
305 2307 352 2371 ibi
383 2310 475 2372 eraut
502 2305 641 2372 familiae
663 2303 697 2369 iu
721 2303 837 2389 quibus
859 2306 951 2388 pater
972 2305 1074 2368 mater
1095 2302 1187 2368 liberi
1209 2303 1392 2368 arctissimis

201 2412 317 2478 amoris
347 2413 482 2478 vinculis
510 2410 675 2497 conjuncti
706 2413 829 2489 esseut,
863 2409 966 2494 qualis
989 2409 1055 2475 eius
1078 2409 1180 2474 menti
1198 2409 1391 2475 obversaba-

202 2520 350 2583 turcum
374 2519 452 2584 talin
485 2519 686 2604 eloqueretur
710 2517 881 2602 (Androm.
906 2516 1005 2601 418):

646 2627 726 2690 reios
751 2623 778 2688 δ’
802 2623 965 2703 ἀνθρώποις
990 2621 1037 2704 ἄρ’
1064 2618 1098 2698 ἦν

335 2734 427 2814 ψυχὴ
450 2731 548 2799 τέκν’·
571 2729 654 2803 ὅστις
679 2729 707 2795 δ’
732 2729 804 2796 adr'
827 2729 949 2811 ἄπειρος
974 2729 1013 2794 ὢν
1035 2729 1148 2811 ψέγει,

335 2834 425 2912 ἧσσον
447 2839 504 2916 μὲν
526 2840 642 2917 ἀλγεῖ,
665 2837 880 2918 δυστυχῶν
902 2837 929 2903 δ’
953 2836 1256 2922 rhenensem).

201 2967 303 3031 neque
325 2945 402 3011 illuc
421 2967 535 3012 uxores
553 2945 618 3011 dici
637 2948 789 3030 poterant
804 2944 1023 3020 »corcrrarieis'⁸
1036 2943 1089 3026 (fr.
1105 2943 1170 3008 164
1182 2941 1312 3029 Autig.)
1325 2963 1392 3006 ma-

199 3053 397 3139 ritorumque
427 3053 577 3118 solatium
608 3056 641 3116 et
669 3051 861 3135 praesidium
884 3051 919 3115 iu
939 3049 1034 3114 rebus
1052 3048 1191 3114 adversis
1208 3048 1333 3132 (Phrix.
1354 3046 1394 3110 fr.

202 3160 267 3225 819
298 3165 330 3226 et
361 3159 451 3246 820).
483 3158 580 3224 Haud
611 3154 706 3242 dubie
739 3160 847 3221 mente
877 3155 938 3220 sibi
961 3154 1134 3241 effingebat
1157 3153 1303 3218 mulieres
1328 3172 1395 3216 non

201 3267 334 3351 proinde
356 3288 394 3332 sc
414 3265 627 3332 Athenienses
639 3263 757 3328 mentis
767 3261 952 3348 ingeniique
967 3262 1056 3326 cultu
1066 3280 1194 3346 prorsus
1207 3260 1392 3325 destitutas:

202 3373 348 3440 Phaedra
370 3379 454 3440 certe
479 3393 543 3438 uon
567 3371 699 3436 indocte
722 3373 787 3456 est,
813 3391 894 3455 quee
917 3368 1039 3436 scilicet
1061 3389 1168 3432 rerum
1180 3366 1394 3432 humanarum

202 3481 369 3546 interitum
404 3481 639 3546 commentatur
669 3476 783 3562 (Hipp.
816 3475 881 3541 375
912 3477 1017 3562 sqq.);
1051 3473 1232 3558 lllelauippe
1263 3471 1397 3537 ridicule

202 3588 329 3673 sapiens
360 3583 517 3668 evasit²);
552 3585 689 3671 reliquae
720 3605 812 3662 vero,
840 3605 920 3669 quas
944 3582 1050 3668 pinxit
1072 3580 1226 3664 feminas,
1251 3577 1397 3664 quamvis

203 3698 310 3760 mente
333 3697 550 3779 praestantes,
574 3694 682 3756 tamen
704 3690 883 3776 disciplinis
905 3711 973 3754 uon
996 3687 1137 3753 eruditae
1160 3689 1245 3751 sunt.

221 3800 226 3810 ’
248 3801 328 3868 Cum
349 3822 422 3868 vero
443 3801 543 3866 vitem
563 3798 765 3884 conjugalem
786 3799 833 3862 ite
845 3795 1033 3862 mutandam
1045 3797 1188 3872 censeat,
1202 3812 1267 3858 uon
1280 3791 1396 3857 mnum

202 3911 251 3974 est
280 3907 455 3993 improbari
485 3907 641 3972 rationem
672 3926 736 3989 qne
759 3904 859 3988 vulgo
882 3901 1088 3968 matrimonia
1112 3897 1399 3965 contrahebantur.

203 4015 276 4082 Non
301 4013 439 4100 amplius
457 4013 627 4079 videbatur
644 4011 680 4077 iu
704 4009 943 4077 matrimonium
966 4005 1398 4090 ducendaessevirgopror-

204 4145 257 4188 sua
279 4123 408 4209 ignota,
434 4144 454 4186 a
477 4119 665 4205 parentibus
684 4119 749 4183 suis
769 4118 943 4201 desponsa;
961 4115 1070 4202 itaque
1088 4114 1124 4179 in
1136 4112 1239 4177 Inone
1250 4110 1302 4195 (fr.
1318 4109 1399 4196 406)

237 4413 260 4472 l)
278 4412 315 4462 cl.
334 4415 427 4463 Dum
443 4411 473 4463 ir.
491 4411 555 4470 818,
575 4411 634 4462 Dici.
653 4409 683 4462 ir.
702 4411 764 4470 888,
783 4411 843 4460 Oen.
861 4408 891 4460 fr.
912 4409 976 4468 870,
996 4411 1097 4460 Oarion.
1117 4407 1146 4458 ir.
1165 4405 1221 4460 575.

236 4496 265 4562 Β)
280 4491 376 4547 Chorus
395 4497 493 4546 Medeae
511 4495 698 4556 (lost-108⁹)
715 4497 764 4562 ipse
780 4495 925 4542 tutatores
941 4507 1010 4558 saepo
1027 4491 1143 4556 cogitem
1163 4489 1192 4538 de
1207 4485 1276 4537 robur
1292 4485 1403 4538 subtilio-

202 4577 269 4630 ribus
284 4594 357 4644 qnarn
373 4595 417 4644 pro
433 4576 546 4630 muliebri
563 4577 669 4642 ingenius
688 4576 731 4628 hm
747 4579 827 4626 autem
844 4589 859 4624 ι
877 4575 958 4626 Muris
974 4590 1023 4626 non
1041 4587 1139 4640 proram
1154 4569 1317 4700 dieculae.

1267 4655 1282 4700 3
