3418 5356
863 453 926 518 128

435 665 452 748 ξ
477 664 507 726 2.
547 661 713 729 Conclusio.
741 662 882 728 Deorum
908 665 1092 750 uituperatio
1116 663 1203 726 hibor
1225 663 1353 728 inutilis.

343 831 449 907 Quid?
487 831 697 915 Euripidesne
728 834 858 895 tandem
892 829 1009 894 relictis
1042 829 1294 893 dubitationibus
1330 830 1367 893 ad
1404 830 1491 893 anti·

296 959 392 1023 quam
424 937 574 1022 pietatem
606 937 700 1001 rediit
731 941 764 1000 et
785 936 931 1001 credulus
955 937 1059 999 denuo
1084 935 1232 999 omnibus
1254 935 1372 999 fabulis
1394 933 1488 999 fidem

296 1043 460 1127 adjunxit,
494 1046 630 1126 deosque
659 1042 828 1126 populares
863 1042 1018 1126 agnovit?
1054 1042 1106 1105 Ita
1139 1042 1205 1105 fere
1236 1041 1359 1105 censuit
1387 1039 1490 1104 Bern-

298 1148 398 1232 hardy
413 1147 448 1233 ¹).
473 1148 555 1212 Mihi
577 1169 651 1212 vero
671 1148 751 1212 illud
769 1149 925 1231 judicium
946 1168 1011 1211 non
1032 1150 1153 1212 rectum
1174 1148 1308 1212 videtur.
1321 1146 1490 1230 Euripides

297 1276 364 1319 non
393 1257 462 1319 toto
494 1254 601 1317 animo
637 1257 741 1317 denuo
766 1252 930 1338 amplexus
955 1260 1003 1316 est
1027 1253 1193 1337 antiquam
1218 1252 1331 1336 fidem;
1356 1252 1490 1315 fortasse

296 1381 362 1424 non
380 1360 486 1424 minus
507 1381 601 1443 quam
622 1363 717 1422 antea
740 1358 973 1442 mythologicas
992 1358 1155 1442 rejiciebat
1172 1358 1314 1435 fabulas,
1327 1362 1407 1421 teste
1420 1361 1490 1440 ety-

298 1466 456 1550 mologica
475 1466 578 1549 mythi
600 1465 747 1529 Bacchici
765 1465 1031 1549 interpretatione
1044 1462 1070 1549 ⁹)
1086 1464 1162 1547 (vid.
1177 1483 1231 1547 pg.
1247 1463 1336 1546 125),
1350 1463 1404 1528 sed
1417 1485 1489 1547 per·

297 1573 417 1658 spicere
440 1575 586 1655 coeperat
609 1572 667 1636 has
688 1571 906 1635 dubitationes
932 1569 1166 1655 philosophicas
1186 1592 1288 1654 nequo
1308 1569 1369 1633 sibi
1390 1591 1492 1654 neque

296 1678 427 1761 reliquis
452 1678 574 1742 civibus
593 1676 766 1762 profuisse;
786 1677 885 1741 sensit
905 1698 937 1740 se
957 1675 1059 1739 nihilo
1081 1697 1146 1739 esse
1159 1675 1383 1759 sapientiorem
1396 1697 1492 1759 quam

297 1788 409 1859 antea,
442 1783 540 1847 animi
568 1783 759 1866 aequitatem
793 1805 826 1846 se
857 1782 1051 1866 perdidisse,
1083 1803 1184 1864 neque
1216 1801 1289 1845 vero
1318 1781 1492 1865 quidquam

295 1889 357 1954 hoc
376 1890 478 1974 pretio
499 1911 564 1954 esse
584 1893 808 1964 consecutum
828 1911 918 1964 nam,
940 1887 1207 1972 quemadmodum
1227 1887 1294 1972 ipse
1315 1891 1425 1951 monet
1444 1888 1492 1972 (id

295 1998 381 2078 quod
402 2017 434 2078 p.
458 1995 563 2078 priore
586 1995 677 2080 posui
700 1993 843 2079 instinct:

555 2101 606 2165 ἐπὶ
633 2099 730 2181 τούτῳ
756 2100 787 2165 δέ
811 2124 858 2174 τις
882 2101 919 2166 ἂν
944 2099 1078 2177 μεγάλα
1103 2099 1212 2165 διώκων

556 2208 599 2271 τὰ
623 2207 750 2286 παρόντ’
771 2207 841 2287 οὐχὶ
866 2207 962 2287 φέροι.
1041 2196 1045 2210 ’

347 2315 427 2378 Eam
461 2313 647 2398 religionem
679 2335 774 2398 quam
798 2317 893 2378 antea
917 2313 1140 2398 repudiaverat
1161 2335 1247 2378 nuno
1270 2314 1396 2378 ratione
1420 2337 1490 2399 pro·

297 2420 396 2496 bans,
432 2420 496 2484 illis
526 2419 696 2483 sententiis
727 2422 761 2482 et
790 2441 823 2482 se
854 2420 957 2504 ipsum
993 2422 1026 2483 et
1056 2420 1139 2484 cives
1172 2441 1300 2483 monere
1325 2419 1491 2485 voluitne

297 2524 434 2608 amplius
458 2524 742 2609 disceptationibus
754 2525 780 2608 ³)
805 2523 940 2589 acutulis
960 2525 1111 2589 derebus
1132 2524 1248 2588 divinis
1267 2525 1491 2609 indulgerent3

296 2631 341 2693 ait
364 2631 467 2696 enim:

294 2779 483 2788 ——-..—-—-——-

330 2849 357 2914 1)
383 2851 426 2914 Pg.
449 2850 510 2898 422:
538 2851 619 2899 ‚Doch
643 2852 748 2916 emplahl
771 2865 797 2900 er
821 2852 908 2902 aulstzt
927 2853 1082 2916 Resignation
1100 2855 1148 2903 und
1166 2854 1314 2918 Hingebung
1331 2870 1361 2904 an
1378 2857 1438 2905 Gott
1455 2857 1491 2906 als

293 2931 544 2981 anerschirtterlichen
567 2933 651 2982 Grnnd
675 2934 716 2982 der
738 2933 859 2982 sittlichen
882 2934 969 2998 liinge,
988 2935 1099 2983 wthrend
1118 2951 1144 2984 er
1161 2936 1199 2984 die
1217 2937 1362 2986 Freidenlrer
1380 2939 1428 2987 nnd
1445 2939 1490 2988 den

294 3012 435 3077 Unglauben
460 3014 502 3062 der
527 3015 661 3079 damaligen
686 3017 856 3066 Wissenmhaft
878 3017 1008 3082 behi'smplt.
1032 3018 1091 3066 Eine
1107 3019 1166 3067 roife
1183 3021 1280 3068 Summe
1297 3020 1373 3068 dieser
1388 3021 1490 3071 inneren

294 3096 459 3161 Erlahrungen
483 3098 525 3146 hat
547 3113 572 3146 er
597 3114 635 3147 am
652 3098 747 3148 Schluss
764 3099 842 3148 seiner
859 3099 987 3148 Laulbahn
1004 3100 1031 3148 in
1048 3101 1092 3148 den
1113 3101 1218 3149 Bacchae
1234 3101 1419 3166 niedergelegt”.
1439 3104 1490 3151 Ne-

293 3179 402 3244 gelsbach
417 3180 562 3244 (Nachhom.
579 3181 623 3230 Th.
638 3197 677 3245 pg.
693 3183 754 3244 466)
770 3182 904 3246 suspiratur
923 3182 1026 3230 Bacchas
1035 3197 1083 3230 esse
1092 3182 1251 3246 palinodiam,
1261 3198 1336 3247 quum
1344 3189 1368 3232 ct
1378 3184 1491 3234 ultimum

293 3263 376 3311 drama
398 3269 423 3310 et
444 3263 468 3310 in
493 3263 772 3324 Macedoniavscriptum
791 3279 839 3312 esse
856 3263 973 3312 videatur.
993 3267 1024 3312 At
1042 3263 1186 3328 palinodiam
1204 3265 1284 3330 potius
1301 3269 1371 3314 antea
1390 3267 1491 3315 Athenis

292 3343 394 3393 scribere
420 3344 532 3393 debuerat
557 3348 582 3394 ut
605 3344 749 3393 comicorum
774 3344 873 3392 dicteria
897 3349 921 3393 et
943 3345 1031 3393 civium
1054 3345 1247 3410 reprehensiones
1271 3347 1394 3396 refutaret.
1419 3349 1490 3397 Nunc

292 3442 349 3476 varo
371 3427 467 3476 inutilis
488 3431 547 3476 erat.
573 3427 649 3476 Nemo
673 3426 736 3475 enim
759 3427 840 3475 credat
863 3442 917 3476 enm
940 3427 985 3475 hcc
1011 3428 1080 3476 modo
1099 3427 1154 3475 deos
1171 3427 1259 3477 inlesos
1276 3428 1370 3493 placare
1388 3429 1490 3478 voluisse

291 3507 355 3570 (ride
371 3509 444 3558 etiam
462 3525 522 3572 quae
540 3509 565 3558 in
583 3509 627 3557 hac
645 3525 682 3574 pg.
702 3511 726 3557 et
743 3524 776 3572 sq.
796 3508 821 3556 in
839 3513 951 3557 contextu
966 3509 1053 3573 posui).
1072 3511 1103 3557 V.
1121 3511 1207 3573 Durny
1227 3511 1296 3574 (Rev.
1311 3511 1334 3563 d.
1349 3512 1373 3560 d.
1390 3513 1491 3560 Mendes

292 3591 321 3639 le
346 3591 399 3639 oa.
426 3591 490 3640 188⁶
513 3607 545 3655 pg
576 3593 633 3651 tlt)
658 3590 804 3639 Baccharum
821 3590 934 3654 pietatem
951 3589 1048 3639 ascribit
1065 3592 1144 3639 studio
1162 3591 1270 3656 placendi
1288 3594 1356 3642 aulae
1374 3595 1489 3644 Macedo-

291 3672 370 3731 nicae,
392 3688 453 3736 qnae
475 3672 565 3722 scilicet
587 3674 694 3723 nondum
717 3674 746 3721 ad
763 3672 956 3721 ratiocinationes
975 3673 1150 3738 philosophicas
1167 3689 1191 3723 se
1208 3675 1342 3726 inclinaret.
1362 3677 1489 3742 Euripides

290 3755 367 3815 enim,
384 3755 473 3819 quippe
489 3755 609 3819 sophista,
629 3770 672 3803 ‚en
687 3755 819 3818 chaugeant
837 3754 865 3801 de
878 3752 941 3810 lieu,
955 3753 1080 3816 changeait
1094 3755 1123 3803 de
1140 3756 1273 3805 doctrine''.
1291 3761 1323 3806 At
1341 3758 1382 3822 qui
1399 3759 1489 3808 lactum

288 3841 323 3886 est
348 3841 374 3887 ut
396 3835 431 3902 pii
448 3835 488 3885 isti
514 3850 579 3899 reges
596 3835 765 3902 philosophum
781 3836 898 3884 scenicam
917 3836 1061 3899 deorumque
1078 3841 1251 3887 contemtorem
1268 3840 1297 3888 ad
1315 3856 1339 3890 se
1355 3840 1487 3890 invitarent

291 3917 467 3982 honoribusque
489 3917 657 3966 cumularent?
680 3921 707 3967 nt
730 3918 789 3967 alios
812 3933 906 3982 quoque
924 3917 1079 3966 Athenienses
1098 3919 1204 3968 eiusdem
1221 3920 1324 3979 larinas,
1343 3922 1408 3971 relat
1425 3926 1488 3988 Aga·

289 4000 387 4049 thoaem
413 3999 611 4063 Timotheumqne
633 3999 768 4048 musicum?
792 4000 853 4048 'l'nm
878 3998 1015 4064 Euripides,
1032 4000 1053 4048 si
1072 4005 1122 4050 tam
1139 4001 1208 4049 lacile
1226 4002 1362 4067 opinionem
1379 4006 1488 4054 consulto

290 4085 411 4140 mutaret,
434 4081 539 4147 prolecto
558 4080 712 4143 jamdudum,
736 4097 810 4144 quam
833 4081 910 4130 adhuc
932 4081 1033 4130 Athenis
1058 4088 1206 4144 moraretur,
1224 4084 1337 4149 pictatem
1353 4086 1490 4138 simulasset

291 4179 348 4212 cnm
371 4165 464 4214 videret
481 4166 628 4228 quantopere
648 4162 798 4227 philosophia
815 4179 858 4212 sua
874 4162 964 4212 civibus
981 4163 1124 4229 displiceret.
1143 4165 1281 4229 Numquam
1297 4168 1403 4218 animum
1420 4170 1488 4219 indn-

296 4261 349 4295 cam
371 4250 398 4295 nt
415 4247 508 4295 credam
526 4261 580 4294 eum
597 4244 705 4293 consulto
722 4249 791 4294 tanta
807 4245 954 4310 impudentia
970 4246 1100 4296 simulasse.

329 4327 356 4391 2)
374 4329 454 4392 Quam
470 4327 575 4377 Diudorl
589 4341 644 4375 sane
659 4326 765 4390 spuriam
782 4330 865 4392 putat,

324 4413 352 4476 8)
373 4411 435 4460 Cum
453 4411 492 4459 his
511 4414 591 4459 tamen
610 4408 677 4457 illam
691 4409 768 4473 mythi
784 4410 966 4474 expositionem,
980 4411 1108 4461 dummodo
1121 4415 1224 4477 genuim
1237 4416 1282 4475 sit,
1297 4433 1403 4482 pugnare
1415 4418 1487 4468 dicas.

293 4496 372 4545 lmrno
397 4507 453 4541 varo
477 4491 581 4541 ostendit
603 4491 729 4556 scepticam
752 4491 869 4540 rationem
892 4496 1016 4558 tantopore
1039 4493 1065 4542 in
1089 4510 1186 4547 sumam
1202 4501 1227 4546 et
1243 4499 1381 4562 sauguinem
1399 4500 1420 4548 ei
1438 4515 1488 4550 esse

297 4591 391 4630 versam
408 4577 435 4624 nt
451 4589 480 4623 ne
494 4573 564 4636 juxta
582 4573 641 4622 haec
657 4573 753 4636 quidem
769 4574 860 4623 monita
877 4589 905 4623 aa
921 4574 1038 4624 abstinere
1055 4577 1136 4642 possit.
