3422 5362
857 475 920 542 158

290 685 330 728 ne
353 662 488 727 crinium
512 661 655 726 decorem
680 661 836 726 deformet
851 660 889 746 ¹),
915 664 1023 725 tamen
1047 660 1126 725 haec
1149 659 1246 724 verba
1269 641 1484 724 observationi

290 789 364 833 suae
387 766 610 851 praemiserat:
690 759 696 770 ’

494 868 515 935 ὦ
538 873 649 952 Φύσις,
675 874 705 936 ἐν
728 873 921 954 ἀνθρώποισιν
946 875 984 945 ὥς
1009 871 1086 950 μέγ’
1111 868 1141 937 εἷ
1162 871 1273 957 κακὸν,

495 977 637 1058 σωτήριόν
661 1003 696 1043 τε
721 988 783 1050 τοῖς
809 987 911 1051 καλῶς
937 979 1144 1054 κεκτημένοις.

290 1087 329 1152 In
362 1084 494 1150 Bacchis
524 1082 661 1148 Tiresias
691 1084 754 1149 ait:
788 1107 854 1150 non
883 1085 1045 1170 Dionysus
1072 1087 1200 1170 quidem
1229 1086 1375 1151 mulieres
1399 1084 1486 1168 cogit
1528 1169 1533 1180 Ο

290 1190 512 1258 castimoniam
536 1211 678 1266 servare3
702 1194 774 1255 sed:

429 1297 458 1360 ἕν
483 1306 521 1378 τῇ
545 1295 639 1375 Φύσει
664 1296 698 1360 τὸ
722 1304 883 1376 σωφρονεῖν
908 1297 1022 1362 ἔνεστιν
1046 1299 1075 1370 ἐς
1099 1298 1141 1363 τὰ
1156 1297 1257 1363 πάντ’
1279 1299 1339 1363 a’si.

339 1403 515 1469 Plurimum
548 1403 648 1486 igitur
683 1403 822 1487 tragicus
854 1407 961 1467 noster
992 1408 1024 1467 et
1054 1404 1089 1468 in
1112 1405 1231 1469 bonam
1255 1407 1288 1468 et
1309 1405 1344 1468 in
1369 1402 1487 1467 malam

292 1513 415 1594 partem
457 1509 588 1592 ingenio
620 1509 787 1573 hominum
821 1508 944 1574 tribuit.
989 1510 1100 1594 laque
1136 1532 1235 1594 quum
1271 1508 1488 1593 voluptatibus

292 1616 434 1700 oppressi
458 1614 524 1680 eius
547 1615 611 1679 vim
636 1615 935 1698 praetendantsuis
955 1615 1059 1692 vitiis,
1080 1615 1161 1679 nihil
1181 1616 1304 1681 faciunt
1321 1615 1383 1679 nisi
1403 1614 1489 1699 quod

294 1745 332 1788 ex
362 1723 432 1806 ipsa
463 1722 597 1785 materia
626 1721 786 1804 sequitur,
822 1743 925 1805 neque
955 1722 1017 1787 hoc
1048 1722 1177 1786 nomine
1200 1725 1295 1807 poeta
1318 1719 1490 1806 reprehen-

294 1829 417 1893 dendus
441 1831 497 1892 est.

341 1933 421 1998 Mire
455 1953 581 2017 quoque
613 1932 747 1998 offendit
778 1933 951 1997 nonnullos
967 1965 968 1968 ¹
982 1932 1128 1998 Eteocles
1150 1934 1186 1998 in
1211 1933 1411 2011 Phoenissis,
1436 1932 1492 2018 qui

295 2039 401 2124 palam
425 2038 610 2122 profitetur,
635 2060 667 2103 se
691 2039 772 2103 nihil
796 2040 898 2123 magis
918 2062 1025 2104 amare
1044 2063 1140 2124 quam
1153 2040 1375 2125 tyrannidem,
1389 2061 1492 2123 neque

296 2146 469 2231 quidquam
493 2144 787 2228 praetermissurum
812 2167 943 2210 essene
966 2167 1035 2210 eam
1059 2147 1174 2229 perdat
1197 2146 1277 2228 (503
1300 2147 1402 2231 sqq.):

500 2251 583 2331 εἴπερ
608 2252 671 2330 γὰρ
696 2249 811 2315 ἀδικεῖν
836 2252 906 2336 χρὴ,
932 2251 1103 2328 τυραννίδος
1127 2251 1192 2332 πέρι
1266 2299 1268 2302 -

500 2357 669 2421 κάλλιστον
693 2356 826 2430 ἀδικεῖν,
852 2356 961 2420 τᾶλλαι
986 2356 1011 2421 δ’
1036 2357 1177 2435 εὐσεβεῖν
1200 2359 1307 2436 χρεών.

298 2462 378 2530 Oum
399 2465 505 2527 autem'
525 2465 659 2546 aposta
679 2484 783 2528 mores
803 2463 1006 2548 rationesque
1025 2463 1165 2529 Eteoclis
1184 2464 1313 2528 minime
1332 2485 1492 2528 commen·

298 2571 430 2646 dentur,
461 2572 530 2632 tum
562 2591 602 2632 ne
633 2568 685 2633 hic
712 2570 779 2653 ipse
803 2569 929 2653 quidem
962 2591 1014 2634 eas
1045 2569 1197 2634 defendat
1225 2571 1316 2654 quasi
1340 2570 1492 2633 virtutem

298 2677 476 2740 naturalem
515 2675 645 2759 viroque
677 2675 916 2758 dignissimam,
948 2677 1215 2760 quemadmodum
1255 2673 1378 2740 Callicli
1421 2675 1503 2759 pla··

298 2781 398 2845 ouisse
428 2779 582 2856 vidimus,
612 2799 672 2862 ego
703 2800 806 2863 neque
835 2779 871 2842 in
900 2780 959 2844 hac
982 2801 1015 2844 re
1040 2779 1131 2845 video
1154 2781 1232 2866 quid
1256 2781 1492 2865 reprehenden-

299 2886 375 2950 dum
399 2885 442 2949 sit
454 2885 491 2970 ²).

345 3100 464 3166 Varum
502 3101 569 3184 jam
601 3101 763 3166 videamus
794 3104 983 3186 argumenta
1012 3101 1205 3166 fabularum.
1238 3099 1423 3187 Euripides,
1458 3105 1497 3166 ut

300 3230 395 3294 supra
426 3207 573 3292 exposui,
605 3207 664 3272 hac
694 3229 727 3271 re
758 3206 930 3292 plurimum
955 3207 1062 3272 differt
1084 3201 1116 3270 a'
1127 3208 1257 3291 tragicis
1280 3208 1495 3292 superioribus

300 3316 385 3400 quod
406 3336 478 3379 raro
497 3316 715 3399 repraesentat
725 3315 960 3398 perpessionem
974 3313 1093 3377 doloris
1105 3313 1343 3377 calamitatibus
1356 3316 1497 3379 externis

301 3421 408 3500 allati,
436 3424 490 3486 sed
514 3421 700 3506 plerumque
723 3420 822 3484 animi
845 3419 1141 3505 perturbationibus
1165 3420 1321 3504 suscepti,
1345 3442 1417 3485 cum
1441 3444 1495 3486 ac-

300 3529 442 3593 tionibus
465 3527 692 3610 affectibusque
714 3547 794 3611 quae
814 3526 889 3590 hinc
908 3530 1096 3610 sequuntur.
1117 3524 1186 3600 Quo
1208 3526 1242 3589 in
1261 3546 1377 3609 genere
1397 3549 1496 3611 quum

301 3656 391 3700 amor
423 3637 456 3698 et
477 3633 749 3717 frequentissimas
772 3636 804 3695 et
827 3631 1119 3696 vehementissimas
1143 3631 1339 3696 calamitates
1364 3632 1497 3710 efficiat,

302 3743 457 3827 plurimae
480 3738 643 3823 Euripidis
665 3738 793 3803 fabulae
816 3742 959 3802 tractant
982 3742 1039 3802 aut
1061 3739 1211 3802 nituntur
1235 3759 1341 3802 amore
1361 3739 1497 3803 honesto

302 3851 359 3912 aut
381 3845 511 3921 illicito,
536 3844 656 3928 mythis
680 3844 822 3928 antiquis
843 3843 1013 3908 illustrato.
1046 3843 1074 3907 E
1098 3843 1250 3908 dramatis
1274 3845 1499 3931 superstitibus

303 3955 362 4019 soli
385 3951 564 4037 Hippolyto
595 3950 767 4014 inhonesta
798 3950 965 4033 voluptas,
997 3949 1152 4013 Alcestidi
1187 3970 1277 4026 vero,
1313 3949 1497 4014 Androma-

303 4058 398 4136 chae,
423 4058 551 4122 Medeae
575 4059 764 4140 argumento
788 4060 864 4120 sunt
887 4077 1009 4120 amores
1033 4056 1218 4140 conjugales
1242 4060 1274 4120 et
1297 4057 1410 4122 sancti.
1442 4077 1445 4080 ·

349 4164 438 4228 inter
469 4165 613 4227 dramata
646 4162 789 4244 perdita,
818 4163 976 4245 quatenus
1008 4161 1145 4225 erariis
1168 4161 1293 4226 indiciis
1317 4161 1497 4250 colligitur,

338 4451 366 4516 l)
386 4449 441 4500 Uno
458 4449 503 4499 hou
520 4449 666 4498 lineamento
683 4461 778 4497 summa
794 4450 846 4498 arte
863 4451 933 4514 posta
951 4446 1058 4497 omnium
1077 4446 1226 4498 Halanorum
1243 4447 1348 4498 indolem
1365 4450 1466 4499 notavit.

338 4533 367 4600 2)
385 4531 529 4583 Plutarchus
548 4534 623 4593 (Mor.
643 4548 681 4597 pp.
702 4532 733 4580 18
744 4533 771 4588 D,
784 4531 813 4591 u)
831 4531 891 4580 hanc
910 4531 1042 4580 orationem
1059 4534 1154 4596 turpem
1172 4533 1268 4597 quidam
1285 4548 1334 4582 esse
1351 4533 1391 4581 sed
1408 4531 1502 4583 Eteocli

304 4615 430 4668 convenire
448 4615 518 4673 dicit,
536 4615 649 4680 turpique
665 4614 717 4663 viro
736 4613 855 4662 tributam
872 4630 920 4662 essa
938 4614 986 4680 ipsi
1003 4617 1086 4679 poetae
1102 4613 1269 4680 improbatam.
