3408 5360
881 443 923 508 40

311 628 363 694 Ad
395 649 476 713 quae
506 626 545 692 V.
579 629 714 690 annotat
744 623 859 709 (Diatr.
883 648 915 709 p.
941 625 1015 708 27);
1045 625 1222 689 »Tortuosa
1245 629 1348 689 autem
1377 626 1416 687 de
1439 623 1496 687 ob-

309 736 408 800 scuris
443 740 575 798 naturae
609 731 703 796 robus
737 730 1028 816 philosophema,
1066 730 1172 815 qualia
1206 733 1347 795 veterum
1371 749 1497 813 quoquc

310 841 440 905 fuerunt
473 840 508 902 in
542 837 635 902 Ionia
669 837 877 921 Physicorum
908 839 983 901 ante
1019 835 1256 922 Anaxagoram,
1293 835 1348 920 qui
1377 835 1498 918 primus

311 945 427 1023 Deum,
451 946 589 1008 mentem
611 965 721 1026 puram
742 947 774 1006 ot
792 942 952 1006 infinitam
973 965 991 1006 a
1012 943 1144 1006 materia
1164 941 1339 1025 separarit,
1368 941 1499 1004 damnat

310 1051 477 1136 Euripides
499 1049 533 1113 in
557 1048 638 1134 his’',
665 1052 725 1115 eto.
742 1047 766 1133 ¹)

356 1155 436 1221 Mihi
463 1175 536 1219 vero
568 1155 629 1218 ista
653 1153 821 1238 explicatio
846 1154 1018 1218 tortuosior
1040 1155 1165 1218 videtur
1196 1175 1292 1238 quam
1316 1153 1495 1218 lonicorum

310 1261 604 1350 philosophemata‚
637 1282 694 1325 nec
725 1260 816 1325 rideo
845 1261 1003 1344 quomodo
1028 1281 1065 1324 ex
1089 1259 1139 1326 his
1163 1260 1283 1338 verbis,
1308 1260 1370 1324 nisi
1393 1262 1499 1325 monte

310 1372 377 1455 ipse
400 1367 502 1432 multa
526 1366 674 1452 adjicias,
697 1367 757 1430 iste
781 1388 890 1431 sensus
914 1366 982 1430 erui
1004 1367 1114 1451 possit.
1391 1440 1397 1461 ‚

356 1471 447 1539 Nihil
479 1493 537 1537 nos
569 1473 661 1538 docet
683 1473 778 1537 verbo
803 1473 1071 1550 νμεσεορολόροο”
1096 1479 1171 1538 ante
1193 1495 1304 1539 omnes
1326 1473 1499 1559 significari

311 1582 431 1644 veteres
455 1577 659 1663 physiologos
682 1577 819 1643 Ionicos,
842 1577 960 1644 Nonne
979 1578 1188 1664 Anaxagoras
1207 1581 1274 1664 ipse
1294 1585 1362 1645 erat
1380 1605 1498 1656 μετονο-

311 1683 454 1764 ρολόροο,
483 1685 538 1768 qui
573 1688 653 1749 teste
686 1683 779 1769 Diog.
805 1683 931 1749 Laertio
956 1684 1019 1770 (ΙΙ,
1046 1685 1076 1762 3,
1104 1687 1155 1764 10)
1180 1687 1330 1766 ἕρατνθείς
1358 1709 1431 1751 ποτε
1456 1687 1498 1759 sis

312 1792 344 1856 sl
373 1791 541 1868 γεγένηται
553 1811 560 1865 ;
586 1791 639 1861 Εἷς
661 1791 798 1868 θεωρίαν,
821 1791 900 1871 ἔφη,
923 1791 1079 1864 ἡλίουκαὶ
1101 1795 1227 1867 σελήνης
1249 1792 1301 1856 καὶ
1319 1789 1460 1870 adparet?
1474 1791 1500 1878 Β)

312 1896 430 1963 Nonne
450 1896 617 1981 Euripides
639 1897 706 1981 ipse
727 1899 763 1960 ut
779 1898 845 1982 jam
866 1901 961 1962 antea
980 1898 1117 1963 vidimus
1131 1901 1157 1982 ³)
1170 1900 1235 1984 (pg.
1250 1900 1292 1964 20
1305 1900 1367 1984 sq.)
1379 1899 1501 1964 studuit

313 2012 374 2069 σοῖο
398 2003 555 2079 μετεώροις
581 2001 787 2081 arripuerat
820 2003 1044 2088 Philosophiae
1068 2004 1225 2069 Eleaticae
1249 2005 1298 2069 vel
1322 2004 1500 2070 Socraticae

313 2109 362 2173 vel
393 2108 576 2174 Platonicae
604 2110 741 2172 sectator
763 2110 810 2173 ita
833 2109 921 2194 loqui
943 2113 1084 2194 poterat,
1109 2131 1174 2174 nou
1199 2109 1412 2194 Anaxagorae
1434 2109 1499 2174 dis·

313 2214 445 2298 cipulus.
469 2213 569 2289 Quam
594 2236 707 2298 parum
734 2215 818 2279 enim
843 2221 907 2285 νοῦς
932 2215 986 2279 ille
1012 2214 1248 2294 Ἀναξαγόρειον
1273 2215 1500 2299 explicationes

312 2319 458 2405 physicas
483 2321 661 2397 sustulerit,
686 2324 771 2405 quod
794 2320 835 2386 V.
860 2321 1054 2386 existimasse
1074 2322 1218 2398 ridetur,
1241 2324 1333 2386 docet
1355 2321 1500 2387 Socrates

313 2431 442 2511 questus
463 2429 548 2510 apud
568 2427 736 2492 Platonem
756 2428 889 2512 (Phaed.
912 2429 954 2493 98
976 2429 1004 2493 t.
1018 2430 1056 2514 c.)
1075 2429 1125 2491 τὸν
1139 2428 1232 2507 ἄνδρα
1244 2431 1285 2508 τῷ
1298 2429 1355 2504 μὲν
1368 2429 1405 2507 νῷ
1418 2428 1500 2494 οὐδὲν

314 2534 467 2614 χρώμενον
503 2533 569 2598 οὐδέ
604 2557 688 2605 τινας
722 2535 826 2608 αἰτίας
860 2535 1076 2613 ἕπαντνώροενον
1108 2539 1149 2608 εἰς
1183 2535 1218 2600 rt
1251 2535 1425 2610 διακοσμεῖν
1457 2536 1498 2600 τοὶ

314 2640 513 2718 πράγματα,
543 2640 633 2719 οέέρας
659 2639 689 2705 δὲ
714 2641 767 2703 καὶ
792 2640 911 2717 αἰθέρος
938 2641 988 2704 καὶ
1014 2640 1114 2706 ὕδατα
1138 2643 1315 2718 αἰτιώμενον
1337 2642 1389 2707 καὶ
1411 2641 1500 2707 ἄλλα

314 2748 419 2811 πολλοὶ
451 2744 502 2809 καὶ
528 2744 643 2812 ἄτοπα.
672 2744 758 2820 Quae
781 2746 882 2830 igitur
905 2750 1049 2812 tortuosa
1072 2747 1348 2832 philosophemata
1372 2748 1411 2813 V.
1436 2748 1500 2812 dis-

313 2851 454 2934 cipulum
489 2849 700 2934 Anaxagorae
734 2851 769 2915 in
805 2851 1001 2936 physiologis
1036 2852 1154 2917 Ionicis
1184 2856 1350 2919 damnasse
1383 2854 1502 2932 voluit,

315 2958 423 3019 eadem
447 2955 481 3018 iu
504 2955 602 3039 ipsius
626 2954 837 3041 Anaxagorae
857 2957 1024 3042 disciplina
1042 2957 1179 3023 inveniri
1196 2960 1335 3025 ostendit
1346 2960 1501 3025 Socrates.

315 3060 541 3144 Interpretatio
565 3061 627 3126 ista
652 3082 727 3146 ergo
750 3062 837 3128 haud
860 3063 954 3128 dubie
978 3063 1058 3128 falsa
1080 3069 1137 3132 est.

360 3166 411 3230 Me
431 3166 537 3250 judice
560 3167 616 3231 illa
638 3168 736 3232 verba
756 3169 857 3234 multo
878 3169 1073 3254 probabilius
1094 3175 1125 3235 et
1143 3171 1318 3256 simplicius
1337 3171 1505 3236 ascribun-

315 3275 369 3335 tur
400 3271 495 3336 choro
528 3274 631 3338 nescio
663 3275 729 3358 cui,
762 3278 932 3360 postquam
964 3276 1038 3341 deos
1069 3277 1173 3342 vivere
1197 3281 1229 3341 et
1252 3277 1359 3362 rigere
1381 3279 1505 3343 scelesti

317 3378 449 3443 alicuius
473 3380 557 3464 regis
581 3379 715 3444 interitu
738 3381 803 3446 sire
827 3381 890 3445 alia
912 3381 1036 3446 ratione
1059 3382 1142 3447 claro
1167 3383 1281 3467 patuit.
1304 3381 1355 3448 Sic
1374 3384 1408 3448 in
1421 3383 1504 3448 Her-

315 3485 384 3550 cule
406 3485 531 3550 furente
556 3486 669 3550 chorus
692 3487 794 3552 occiso
818 3486 903 3572 Lyco
928 3488 1084 3552 exclamat
1107 3490 1150 3573 (v.
1178 3487 1271 3575 757):

521 3593 567 3662 τίς
593 3595 607 3656 ὁ
632 3592 713 3665 θεοὺς
736 3594 849 3677 drogia
873 3594 1005 3674 χραίνων
1029 3595 1131 3668 θνητὸς
1156 3593 1193 3658 ὢν

520 3695 641 3778 ἄφρονα
666 3696 758 3777 λόγον
784 3699 923 3779 οὐρανίων
947 3700 1093 3781 μακάρων
1119 3699 1289 3786 κατέβαλ’,

519 3806 557 3875 de
582 3804 630 3885 ἄρ’
656 3806 689 3870 οὐ
714 3806 847 3870 sticourt
871 3806 948 3882 daol3

361 3908 437 3973 Non
458 3910 558 3995 igitur
575 3911 610 3974 in
622 3911 759 3996 aliquam
773 3912 913 3978 scholam
926 3912 1175 3999 philosophicam
1188 3915 1272 3980 dicta
1284 3915 1442 3992 videntur,
1460 3955 1501 3966 -

318 4035 419 4097 neque
451 4016 535 4080 enim
568 4017 735 4102 quisquam
760 4019 940 4084 lonicorum
965 4022 1039 4084 deos
1063 4042 1128 4085 esse
1151 4020 1299 4105 negavit,
1325 4059 1366 4070 -
1390 4022 1504 4087 sedin

349 4220 377 4285 1)
396 4220 500 4271 Alandmn
521 4221 743 4286 interpretationem
764 4226 895 4287 sequuntur
912 4224 1053 4289 Bernhardy
1071 4229 1118 4290 (pg.
1137 4226 1198 4291 865)
1215 4228 1240 4274 et
1256 4242 1278 4275 v.
1296 4227 1357 4276 doct.
1375 4227 1504 4292 Spenglcr‚

314 4300 516 4366 (Theologumena
536 4303 594 4352 Eur.
612 4306 653 4361 tr..
670 4304 695 4354 in
713 4320 793 4370 progr.
811 4321 889 4369 gymn.
907 4306 1001 4356 Cathol.
1019 4308 1069 4357 Col.
1090 4309 1231 4372 laon-oa)
1245 4310 1505 4360 exauctoritstcllalc·

314 4383 427 4433 henuarii.

348 4467 376 4530 2)
394 4466 488 4516 Similia
504 4467 582 4517 multa
598 4485 621 4521 v.
638 4469 700 4534 apud
717 4469 867 4528 Schaubsoh,
883 4472 956 4521 Anax.
973 4469 1037 4522 cla.
1054 4471 1186 4536 fragmenta
1201 4471 1300 4522 collecta
1315 4476 1358 4524 cte.
1373 4490 1412 4539 pg.
1427 4475 1452 4534 9,
1463 4476 1504 4525 10.

350 4547 378 4612 Β)
395 4548 445 4598 ΔΙο.
465 4548 521 4599 962.
539 4565 573 4613 sq.
592 4545 643 4612 ἐγὼ
654 4587 659 4598 .
670 4587 675 4598 .
688 4587 709 4598 ..
727 4549 861 4612 μετάρσιος
879 4546 933 4617 iza.
