3422 5362
766 489 830 552 163

201 669 305 733 ciatnr
335 672 372 733 ut
397 667 616 754 intelligamus
639 671 772 734 eundem
796 672 922 754 poetam
947 672 1199 755 repraesentasse
1222 669 1390 755 perturba·

197 775 301 839 tn'ones
330 779 363 840 et
392 775 592 853 affectiones,
617 796 698 860 quae
722 775 771 840 vel
792 773 1005 860 Strepsiadem
1025 773 1295 860 Aristophaneum
1315 772 1391 839 hor·

198 899 269 944 rore
291 879 470 958 afficerent,
496 902 666 982 rnrpnsqne
685 880 887 966 proposuisse
907 885 940 946 et
951 883 1192 946 commendasse
1203 880 1390 966 pudicitiam

197 985 388 1071 singularem
422 989 455 1051 et
486 1008 586 1073 prope
616 986 805 1054 inauditam.
841 985 913 1053 Hac
936 1008 1061 1072 quoque
1083 986 1118 1050 in
1142 1008 1176 1051 re
1200 987 1292 1052 nobis
1315 989 1391 1050 ante

198 1091 305 1156 oculos
335 1094 484 1176 ponenda
511 1095 560 1157 est
582 1092 733 1176 ambigna
753 1091 811 1157 illa
833 1093 976 1157 conditio
1000 1113 1098 1176 supra
1121 1092 1331 1170 adumbrata,
1353 1091 1390 1155 in

197 1219 262 1283 qna
284 1217 387 1263 novae
408 1197 549 1262 rationes
573 1198 703 1263 vivendi
726 1201 820 1262 erant
837 1200 1043 1283 quaerendae.
1069 1197 1153 1263 Nam
1173 1197 1209 1263 in
1229 1197 1390 1283 superiore

198 1308 319 1382 aetate,
352 1326 451 1389 quum
481 1305 627 1369 homines
657 1303 726 1370 sine
758 1304 1012 1370 dubitationibus
1043 1306 1076 1369 et
1107 1303 1390 1388 disceptationibus

198 1409 344 1496 vulgares
375 1413 582 1495 sequerentur
609 1411 758 1475 notiones
789 1410 927 1488 ethicas,
952 1411 1071 1493 multa,
1098 1414 1134 1474 ut
1157 1409 1214 1494 lit,
1237 1409 1391 1494 permissa

198 1517 291 1580 eraut
312 1519 346 1581 et
365 1515 473 1601 palam
497 1515 633 1594 fiebant,
657 1538 738 1601 quae
761 1521 871 1602 postca
895 1519 981 1602 apud
1001 1516 1146 1581 homines
1165 1517 1336 1583 severiores
1354 1515 1389 1580 in

196 1621 475 1706 reprehensionem
498 1622 664 1687 incursura
686 1626 795 1700 erant;
819 1621 933 1689 illinita
957 1644 1031 1688 vero
1054 1643 1165 1688 omnes
1185 1622 1389 1687 detestaban-

197 1731 251 1792 tur
282 1731 315 1792 et
344 1729 605 1795 contemnebant.
635 1726 684 1792 nt
712 1731 881 1814 postquam
914 1732 1123 1795 evanescente
1154 1749 1278 1793 morum
1303 1727 1389 1792 anti-

197 1853 331 1918 quorum
356 1834 547 1899 anctoritate
571 1834 648 1899 boni
668 1833 807 1920 malique
826 1835 957 1900 termini
976 1835 1081 1921 coepti
1097 1837 1174 1900 sunt
1184 1833 1388 1912 labefactari,

196 1941 326 2024 peccata
349 1942 382 2004 et
404 1943 605 2024 peccatores,
628 1944 666 2006 ut
687 1940 786 2018 solet,
809 1961 874 2005 non
895 1941 1033 2026 amplius
1052 1943 1249 2006 contemtum
1269 1943 1301 2004 et
1314 1939 1388 2005 hor·

196 2064 298 2109 rorem
319 2044 509 2122 movebant,
529 2047 583 2110 sed
606 2045 698 2130 digni
722 2045 913 2111 videbantur
936 2049 975 2111 de
998 2047 1115 2132 quibus
1138 2046 1333 2130 cogitaretur
1357 2051 1391 2111 et

197 2151 313 2236 quibus
338 2173 413 2216 cura
436 2151 657 2231 adhiberetur,
682 2173 757 2216 mox
782 2152 1015 2217 miserationem
1036 2152 1225 2229 movebant,
1246 2154 1331 2216 unde
1348 2152 1389 2216 ad

196 2259 430 2323 excusationem
460 2256 665 2322 brevissimus
696 2260 745 2322 est
771 2258 934 2323 haustus.
958 2256 1010 2323 Sic
1033 2256 1217 2341 Euripides,
1241 2256 1387 2342 quamvis

195 2363 263 2448 ipse
285 2364 394 2448 procul
414 2363 512 2429 dubio
531 2363 619 2427 illam
639 2363 723 2427 viam
744 2363 910 2430 severioris
931 2363 1060 2428 virtutis
1078 2362 1276 2448 probaverit,
1298 2361 1387 2426 cuius

197 2470 343 2554 exempla
372 2469 517 2555 proxime
547 2469 778 2552 recensuimus,
804 2474 912 2535 tamen
937 2491 1038 2554 paene
1059 2468 1247 2553 ignoscebat
1268 2467 1308 2532 iis
1331 2467 1387 2552 qui

198 2573 437 2640 vehementibus
467 2575 762 2659 perturbationibus
794 2574 958 2640 sollicitati
987 2574 1135 2640 licentiae
1167 2573 1250 2638 viam
1275 2595 1386 2658 seque-

196 2683 325 2759 rentur,
355 2681 507 2766 qnoniam
539 2683 572 2745 et
602 2681 637 2745 in
668 2682 802 2746 colenda
834 2681 952 2747 virtute
975 2685 1007 2746 et
1029 2681 1063 2745 in
1086 2702 1258 2766 pravarum
1281 2701 1386 2744 rernm

197 2786 342 2870 appetitu
366 2789 500 2853 naturae
519 2786 672 2871 cuiusque
694 2786 832 2852 hominis
856 2787 1028 2853 maximam
1052 2786 1215 2852 tribuebat
1237 2785 1312 2853 vim.

238 2999 450 3068 Transeamus
481 3001 521 3066 sd
544 3001 667 3087 reliqua
690 3003 835 3088 exempla
859 3001 986 3068 virtutis
1010 2999 1155 3067 sublimis
1178 3004 1210 3066 ct
1233 2999 1384 3068 excelsae.

238 3105 406 3193 Euripides
432 3131 516 3174 nnus
540 3108 735 3192 tragicorum
760 3109 941 3193 saepissime
964 3107 1083 3173 fabulis
1106 3105 1278 3173 celebravit
1301 3130 1387 3173 mor-

194 3215 259 3279 tem
281 3214 474 3299 pmolaram
494 3234 620 3291 eornm,
641 3213 697 3298 qui
716 3236 750 3278 se
769 3235 827 3298 pro
847 3214 969 3299 patriae
981 3214 1274 3300 propinquorumve
1286 3215 1389 3279 salute

195 3320 396 3385 devoverent.
428 3319 620 3405 Plerumque
650 3321 821 3384 secundnm
847 3319 976 3404 aliquod
1000 3318 1163 3386 oraculum
1187 3341 1220 3384 se
1242 3318 1304 3404 ipsi
1326 3319 1388 3384 im-

194 3423 361 3490 molandos
391 3425 539 3490 offerunt.
571 3423 642 3489 Hac
664 3425 789 3491 ratione
808 3425 950 3491 Macaria
972 3426 1007 3491 in
1032 3423 1210 3490 Heraclidis
1233 3423 1329 3489 efficit
1354 3428 1390 3490 ut

193 3527 406 3595 Athenienses
432 3530 566 3596 vineant
584 3528 722 3615 Argivos
745 3534 778 3596 st
798 3533 953 3616 cognatos
978 3552 1052 3596 snos
1071 3530 1112 3594 ab
1132 3530 1245 3596 horum
1265 3531 1389 3596 insidiis

193 3635 228 3699 in
259 3639 447 3721 perpetuum
479 3635 629 3700 vindicat
663 3635 784 3700 Eodem
816 3637 911 3701 modo
935 3636 1124 3702 Menoeceus
1147 3636 1182 3700 in
1206 3635 1389 3701 Phoenissis

194 3739 364 3806 Thebanos
394 3745 510 3807 servat.
542 3739 680 3806 Alcestis
707 3745 744 3806 nt
768 3741 883 3806 marito
908 3761 964 3806 suo
986 3741 1166 3826 longiorem
1190 3741 1289 3806 vitam
1312 3763 1388 3826 pro-

195 3849 293 3912 ducat
319 3847 386 3912 eius
409 3847 475 3912 vice
498 3846 582 3910 ultro
605 3848 641 3911 in
663 3846 780 3912 Orcum
801 3847 974 3913 demendit.
995 3846 1158 3932 Imprimis
1178 3849 1321 3913 notanda
1340 3852 1390 3914 est

196 3949 365 4037 Iphigenia
384 3954 432 4037 (in
451 3951 523 4037 Iph.
543 3950 652 4039 hul),
671 3956 781 4018 tenera
801 3953 909 4038 virgo,
930 3973 1012 4038 qnae
1032 3973 1073 4017 ne
1092 3975 1149 4018 sua
1163 3953 1387 4018 causabellum

196 4056 368 4124 Troianum
391 4059 625 4124 intermittatur
655 4080 735 4124 neve
758 4059 813 4123 alii
835 4058 870 4123 in
894 4059 1009 4144 capitis
1031 4059 1201 4124 discrimen
1225 4059 1387 4124 adducan-

195 4167 265 4243 tur,
284 4164 499 4230 immolationi
515 4186 549 4230 se
570 4164 654 4228 ultro
675 4164 769 4230 offert
782 4161 819 4251 ¹).
840 4163 925 4240 Quin
944 4165 1040 4230 etiam
1061 4167 1100 4230 ad
1123 4169 1257 4230 mortem
1269 4163 1388 4230 vadens

195 4291 345 4352 paeanem
377 4273 488 4335 cantat
519 4269 660 4348 Dianae,
691 4270 753 4355 ipsi
778 4270 826 4334 illi
853 4271 929 4336 dese
952 4272 1042 4336 cuins
1061 4272 1151 4357 jussu
1177 4272 1388 4350 mactabitur,

196 4377 461 4470 quemadmodum
481 4375 557 4440 olim
580 4379 735 4462 martyres
752 4373 952 4443 Christianae
971 4375 1076 4442 Deum
1096 4376 1263 4443 laudantes
1274 4398 1387 4464 rogum

135 4575 143 4592 δ
230 4611 256 4680 l)
274 4614 304 4663 lu
319 4612 373 4680 lph.
390 4615 461 4668 'laur
477 4618 576 4666 oman
589 4631 674 4666 caveus
687 4632 718 4667 ua
733 4615 822 4667 amiens
836 4632 880 4668 oua
892 4616 1220 4684 monumentumque
1230 4617 1302 4670 morti
1312 4618 1389 4670 offert.
