3422 5362
769 445 829 510 155

403 631 428 695 ri
453 632 532 694 raiae
552 627 650 694 ratri
674 627 769 694 natta
793 625 854 709 ἔφυ
878 625 973 708 σοφόν
998 628 1023 692 θ’
1047 623 1143 705 ἅμα,
1265 661 1269 674 ¹

403 737 457 802 oria
480 732 514 811 riv
537 734 575 802 da
598 736 796 816 ἀμφίλεκτος
820 731 982 812 ἀνθρώποις
1007 731 1085 811 ἔρις·

401 847 452 907 νῦν
476 843 502 907 δ’
525 839 586 908 οὔθ’
611 837 710 919 ὅμοιον
735 841 817 907 οὐδὲν
841 839 906 907 οὔτ’
932 839 995 906 ἴσον
1018 840 1160 918 βροτοῖς,

403 947 499 1033 (πλὴν
522 948 687 1026 ὀνομάσαι,
712 947 746 1012 τὸ
769 947 796 1013 δ’
820 945 906 1029 ἔργον
930 949 984 1012 οὐκ
1007 945 1088 1012 ἔστιν
1108 944 1249 1030 tuost)

200 1055 367 1121 videbatur
386 1075 530 1120 maumas
554 1077 592 1120 ex
615 1055 820 1140 improbitate
842 1053 1077 1140 sophistarum,
1100 1052 1157 1138 qui
1179 1051 1301 1118 scilicet
1323 1073 1392 1117 om·

200 1184 256 1226 nes
278 1160 356 1225 boni
379 1161 516 1246 malique
537 1160 691 1226 terminos
710 1161 745 1226 in
769 1159 1015 1244 uniuscuiusque
1038 1158 1171 1223 libidine
1200 1158 1393 1242 posuissent.

200 1266 318 1332 Verum
351 1289 454 1351 neque
472 1266 507 1331 in
526 1267 587 1332 hac
606 1289 641 1333 re
662 1267 786 1332 ridetur
808 1267 885 1332 mihi
904 1267 944 1330 ad
964 1265 1165 1351 disciplinam
1185 1263 1391 1349 sophisticam

199 1372 446 1456 confugiendum
481 1395 565 1451 esse,
598 1395 637 1438 ex
667 1373 737 1458 ipsa
767 1376 883 1438 natura
913 1372 1085 1456 explicatio
1113 1371 1235 1455 optime
1262 1369 1393 1455 petitur.

198 1477 281 1544 Nam
311 1478 495 1543 hominibus
525 1480 748 1564 peccantibus,
782 1500 848 1544 nou
881 1478 1008 1563 quidem
1041 1477 1080 1542 iis
1108 1477 1164 1562 qui
1185 1478 1225 1540 ad
1245 1476 1392 1541 ultimam

200 1585 375 1669 nequitiam
409 1585 530 1670 delapsi
567 1586 650 1661 siut,
687 1586 741 1650 sed
777 1586 833 1670 qui
856 1583 1037 1650 vehementi
1061 1585 1094 1647 et
1110 1582 1232 1647 invicta
1254 1582 1391 1667 quadam

200 1689 364 1775 voluptate
394 1691 618 1776 opprimantur
631 1691 677 1778 2),
706 1690 796 1755 nulla
819 1688 1030 1754 excusationis
1054 1689 1156 1753 forma
1180 1687 1292 1752 melius
1315 1708 1392 1752 con-

198 1796 288 1861 venit
317 1818 413 1881 quam
444 1796 540 1874 haec,
571 1819 667 1882 quam
692 1797 843 1863 Germani
867 1799 1001 1861 vocant:
1027 1793 1215 1879 ›Sophistik
1238 1797 1295 1858 der
1318 1794 1392 1858 Lei-

199 1904 399 1969 densohaft”.
430 1904 549 1969 Mirum
573 1926 668 1990 quam
694 1904 828 1970 subtiles
851 1903 993 1987 argutias
1016 1902 1051 1967 iu
1076 1901 1126 1964 his
1148 1902 1245 1966 etiam
1268 1901 1392 1966 stultis·

200 2009 272 2074 simi
292 2010 493 2095 excogitent3
513 2010 585 2095 quis
607 2013 749 2076 noatmm
774 2031 949 2094 numquam
980 2007 1104 2073 callidis
1131 2007 1195 2071 illis
1217 2007 1392 2071 ratiocina-

200 2116 341 2181 tionibus
372 2118 601 2182 conscientiam
629 2135 718 2181 suam
743 2116 862 2199 sopivit
896 2115 1095 2198 aliorumque
1129 2112 1406 2197 reprehensiones·

197 2223 373 2288 refutavit?
407 2222 511 2299 Quare
533 2223 715 2288 huiusmodi
739 2223 973 2298 excusationes,
997 2221 1118 2304 pariter
1140 2240 1177 2284 ac
1200 2240 1255 2282 eae
1277 2218 1394 2303 quibus

198 2329 328 2394 deorum
348 2329 528 2414 exemplum
549 2330 598 2394 vel
619 2331 667 2393 vis
686 2331 866 2394 ostentetur
880 2329 924 2414 ³),
946 2326 1048 2392 doctis
1069 2325 1270 2408 indoctisque
1282 2328 1393 2407 aptae,

199 2435 277 2500 mihi
309 2437 458 2501 videntur
489 2439 529 2500 ad
559 2439 706 2500 naturam
736 2435 839 2519 ipsam
869 2454 1034 2518 expressae
1065 2451 1148 2507 esse;
1172 2430 1267 2494 modo
1290 2428 1394 2494 forma

198 2541 356 2606 concinna
378 2545 447 2606 arte
469 2541 629 2607 rhetorica
647 2541 851 2626 suppeditata
870 2545 928 2604 est.
949 2539 1066 2604 Utrum
1088 2523 1293 2602 damnandae
1308 2537 1392 2614 sint,

198 2647 225 2712 si
248 2669 351 2712 mores
372 2653 512 2733 spectes,
536 2648 569 2712 id
592 2648 717 2714 ridetur
741 2667 806 2712 nou
825 2646 1014 2730 separatim,
1036 2643 1191 2729 neglectis
1210 2642 1391 2707 fabularum

199 2754 397 2837 argumentis
425 2754 617 2839 (dequibus
641 2775 715 2818 mox
739 2753 799 2818 erit
823 2752 1073 2837 disserendum),
1099 2748 1267 2835 dijudicari
1289 2769 1390 2834 posse.

199 2858 271 2924 Hoc
305 2859 374 2926 loco
405 2864 514 2925 tamen
550 2861 665 2925 iterum
698 2859 836 2924 monebo
860 2859 1034 2941 plurimum
1057 2857 1197 2940 differre,
1226 2859 1333 2921 utrum
1357 2855 1392 2920 in

199 2965 323 3030 actione
353 2965 515 3031 concitata
545 2967 597 3031 vel
627 2966 692 3032 acri
723 2964 931 3030 altercatione
955 2963 1099 3028 celeriter
1122 2963 1391 3047 pronuntientur,

198 3072 307 3136 statim
337 3073 373 3137 in
403 3071 555 3136 oblivium
587 3071 750 3149 abiturae,
792 3093 834 3135 aa
865 3069 957 3155 quasi
988 3068 1108 3154 placita
1141 3068 1325 3134 constantia
1359 3071 1392 3131 et

198 3178 325 3243 stabilia
354 3182 520 3262 excerptae
543 3179 632 3243 etin
656 3177 801 3242 omnium
824 3176 1022 3242 saeculorum
1045 3175 1230 3240 memoriam
1255 3173 1391 3238 traditae

198 3283 357 3368 legantur.

244 3389 313 3454 »At
333 3390 360 3454 si
382 3412 421 3455 ex
444 3390 515 3474 ipsa
537 3409 643 3454 rerum
666 3393 783 3454 natura
800 3389 918 3474 petitae
937 3387 1003 3452 sint
1022 3408 1123 3472 neque
1141 3408 1159 3450 e
1177 3385 1392 3470 sophistarum

198 3496 366 3580 disciplina
401 3500 586 3581 desumptae
622 3499 706 3581 apud
740 3495 880 3580 reliquos
914 3515 1040 3580 quoque
1074 3492 1214 3576 tragicos
1253 3490 1393 3556 inveniri

199 3602 348 3667 debent'’.
386 3603 505 3668 Verum
536 3602 665 3667 illorum
689 3601 862 3686 tragoediis
885 3602 937 3666 rix
960 3621 1112 3686 umquam
1136 3599 1316 3684 agebantur
1333 3596 1392 3662 ho·

199 3710 300 3774 mines
336 3709 554 3795 voluptatibus
586 3709 744 3794 oppressi,
776 3709 823 3772 ita
853 3712 890 3772 ut
917 3707 987 3772 istis
1018 3706 1185 3770 sententiis
1215 3704 1393 3770 rarissimus

199 3817 324 3880 tantum
358 3819 440 3881 esset
469 3815 568 3880 locus.
599 3813 667 3880 Neo
694 3835 823 3899 prorsus
853 3814 991 3888 absuut;
1023 3812 1107 3897 apud
1134 3810 1327 3894 Aeschylum
1359 3813 1392 3874 et

198 3919 387 4006 Sophoclem
424 3919 678 4006 Clytaemnestra
712 3920 818 3985 meriti
849 3922 976 3986 caedem
1010 3918 1105 3983 modo
1126 3917 1270 4003 justitiae
1289 3915 1393 4000 specie

199 4027 333 4111 probare
375 4028 482 4092 studet
523 4025 712 4113 Iphigeniae
751 4024 1002 4091 immolationem
1034 4025 1261 4109 praetendens,
1298 4020 1392 4085 modo

234 4340 259 4400 l)
275 4341 364 4392 Varum
379 4341 440 4391 mihi
456 4341 585 4406 ampucius.
686 4383 692 4392 .
1317 4401 1323 4412 ⁸

233 4423 260 4486 8)
279 4423 385 4472 ltmrei
402 4427 426 4473 ct
445 4423 551 4473 Canama
567 4423 672 4474 incertus
689 4437 757 4471 amor
772 4421 888 4470 dramatis
904 4421 974 4472 Aeoli
991 4424 1157 4487 argumentum
1174 4423 1234 4470 crat.

232 4505 259 4568 8)
279 4505 365 4554 Nouae
380 4505 450 4555 todia
467 4520 563 4570 quoquc
581 4505 649 4568 pueri
667 4505 781 4554 vitiorum
798 4517 898 4552 auorum
913 4502 1009 4568 culpam
1026 4517 1136 4552 excusus
1149 4505 1267 4552 mutatur
1285 4503 1393 4568 praeten-

203 4585 233 4634 tir
248 4591 375 4652 pareatum
397 4587 434 4636 vol
452 4587 556 4637 aliomm
575 4586 699 4636 hominum
713 4585 902 4635 venerandorum
919 4583 1001 4634 viriis?
1055 4620 1062 4635 .
