<?xml version="1.0" encoding="UTF-8"?>
<!DOCTYPE html PUBLIC "-//W3C//DTD XHTML 1.0 Transitional//EN"
    "http://www.w3.org/TR/xhtml1/DTD/xhtml1-transitional.dtd">
<html xmlns="http://www.w3.org/1999/xhtml" xml:lang="en" lang="en">
 <head>
  <title>
</title>
<meta http-equiv="Content-Type" content="text/html;charset=utf-8" />
  <meta name='ocr-system' content='tesseract 3.04.00' />
  <meta name='ocr-capabilities' content='ocr_page ocr_carea ocr_par ocr_line ocrx_word'/>
</head>
<body>
  <div class='ocr_page' id='page_1' title='image "./commentatiodeeu00berlgoog_0117.png"; bbox 0 0 3418 5356; ppageno 0'>
   <div class='ocr_carea' id='block_1_1' title="bbox 837 456 900 519">
    <p class='ocr_par' dir='ltr' id='par_1_1' title="bbox 837 456 900 519">
     <span class='ocr_line' id='line_1_1' title="bbox 837 456 900 519; baseline -0.032 -1"><span class='ocrx_word' id='word_1_1' title='bbox 837 456 900 519; x_wconf 88' lang='grc'>102</span> 
     </span>
    </p>
   </div>
   <div class='ocr_carea' id='block_1_2' title="bbox 271 634 1467 1992">
    <p class='ocr_par' dir='ltr' id='par_1_2' title="bbox 271 634 1465 935">
     <span class='ocr_line' id='line_1_2' title="bbox 271 634 1464 722; baseline -0.002 -20"><span class='ocrx_word' id='word_1_2' title='bbox 271 640 474 722; x_wconf 75' lang='lat' dir='ltr'>conspectum</span> <span class='ocrx_word' id='word_1_3' title='bbox 496 637 662 703; x_wconf 90' lang='lat' dir='ltr'>hominum</span> <span class='ocrx_word' id='word_1_4' title='bbox 683 637 870 722; x_wconf 75' lang='lat' dir='ltr'>produceret</span> <span class='ocrx_word' id='word_1_5' title='bbox 888 657 925 700; x_wconf 93' lang='lat' dir='ltr'>eo</span> <span class='ocrx_word' id='word_1_6' title='bbox 944 635 1013 719; x_wconf 89' lang='lat' dir='ltr'>ipso</span> <span class='ocrx_word' id='word_1_7' title='bbox 1033 637 1257 720; x_wconf 88' lang='lat' dir='ltr'>temporeque</span> <span class='ocrx_word' id='word_1_8' title='bbox 1278 634 1358 700; x_wconf 87' lang='lat' dir='ltr'>nihil</span> <span class='ocrx_word' id='word_1_9' title='bbox 1378 635 1464 700; x_wconf 89' lang='lat' dir='ltr'>aliud</span> 
     </span>
     <span class='ocr_line' id='line_1_3' title="bbox 271 740 1465 827; baseline -0.002 -19"><span class='ocrx_word' id='word_1_10' title='bbox 271 745 388 808; x_wconf 81' lang='lat' dir='ltr'>faceret</span> <span class='ocrx_word' id='word_1_11' title='bbox 411 743 472 807; x_wconf 92' lang='lat' dir='ltr'>nisi</span> <span class='ocrx_word' id='word_1_12' title='bbox 495 764 604 808; x_wconf 88' lang='lat' dir='ltr'>saevas</span> <span class='ocrx_word' id='word_1_13' title='bbox 627 762 747 827; x_wconf 88' lang='lat' dir='ltr'>poenas</span> <span class='ocrx_word' id='word_1_14' title='bbox 771 741 951 820; x_wconf 89' lang='lat' dir='ltr'>moliretur,</span> <span class='ocrx_word' id='word_1_15' title='bbox 975 743 1007 805; x_wconf 90' lang='lat' dir='ltr'>et</span> <span class='ocrx_word' id='word_1_16' title='bbox 1026 740 1110 806; x_wconf 84' lang='lat' dir='ltr'>viam</span> <span class='ocrx_word' id='word_1_17' title='bbox 1134 741 1162 804; x_wconf 92' lang='lat' dir='ltr'>ei</span> <span class='ocrx_word' id='word_1_18' title='bbox 1181 740 1377 806; x_wconf 87' lang='lat' dir='ltr'>indicassent</span> <span class='ocrx_word' id='word_1_19' title='bbox 1396 741 1465 806; x_wconf 93' lang='lat' dir='ltr'>sine</span> 
     </span>
     <span class='ocr_line' id='line_1_4' title="bbox 272 847 1465 935; baseline 0 -21"><span class='ocrx_word' id='word_1_20' title='bbox 272 849 387 926; x_wconf 87' lang='lat' dir='ltr'>dubio,</span> <span class='ocrx_word' id='word_1_21' title='bbox 409 870 565 935; x_wconf 90' lang='lat' dir='ltr'>quaeum</span> <span class='ocrx_word' id='word_1_22' title='bbox 589 849 769 913; x_wconf 90' lang='lat' dir='ltr'>ostenderet</span> <span class='ocrx_word' id='word_1_23' title='bbox 792 849 954 912; x_wconf 74' lang='lat' dir='ltr'>auctorem</span> <span class='ocrx_word' id='word_1_24' title='bbox 978 867 1037 911; x_wconf 87' lang='lat' dir='ltr'>neo</span> <span class='ocrx_word' id='word_1_25' title='bbox 1060 850 1169 911; x_wconf 88' lang='lat' dir='ltr'>tamen</span> <span class='ocrx_word' id='word_1_26' title='bbox 1194 847 1413 912; x_wconf 86' lang='lat' dir='ltr'>detestabilem</span> <span class='ocrx_word' id='word_1_27' title='bbox 1430 849 1465 933; x_wconf 83' lang='lat'>¹).</span> 
     </span>
    </p>

    <p class='ocr_par' dir='ltr' id='par_1_3' title="bbox 272 950 1467 1992">
     <span class='ocr_line' id='line_1_5' title="bbox 318 950 1467 1038; baseline -0.001 -20"><span class='ocrx_word' id='word_1_28' title='bbox 318 953 421 1030; x_wconf 80' lang='lat' dir='ltr'>Quare</span> <span class='ocrx_word' id='word_1_29' title='bbox 442 954 542 1038; x_wconf 86' lang='lat' dir='ltr'>igitur</span> <span class='ocrx_word' id='word_1_30' title='bbox 565 975 631 1019; x_wconf 94' lang='lat' dir='ltr'>non</span> <span class='ocrx_word' id='word_1_31' title='bbox 650 954 735 1018; x_wconf 91' lang='lat' dir='ltr'>idem</span> <span class='ocrx_word' id='word_1_32' title='bbox 753 953 829 1019; x_wconf 86' lang='lat' dir='ltr'>fecit</span> <span class='ocrx_word' id='word_1_33' title='bbox 847 952 1038 1038; x_wconf 77' lang='lat' dir='ltr'>Euripides?</span> <span class='ocrx_word' id='word_1_34' title='bbox 1058 950 1150 1028; x_wconf 82' lang='lat' dir='ltr'>Quod</span> <span class='ocrx_word' id='word_1_35' title='bbox 1173 953 1388 1018; x_wconf 85' lang='lat' dir='ltr'>dubitationes</span> <span class='ocrx_word' id='word_1_36' title='bbox 1398 953 1467 1037; x_wconf 88' lang='lat' dir='ltr'>jam</span> 
     </span>
     <span class='ocr_line' id='line_1_6' title="bbox 272 1058 1466 1144; baseline -0.003 -17"><span class='ocrx_word' id='word_1_37' title='bbox 272 1061 403 1127; x_wconf 85' lang='lat' dir='ltr'>obortae</span> <span class='ocrx_word' id='word_1_38' title='bbox 425 1059 529 1144; x_wconf 81' lang='lat' dir='ltr'>ipram</span> <span class='ocrx_word' id='word_1_39' title='bbox 553 1080 621 1124; x_wconf 90' lang='lat' dir='ltr'>eam</span> <span class='ocrx_word' id='word_1_40' title='bbox 646 1059 832 1136; x_wconf 74' lang='lat' dir='ltr'>materiem,</span> <span class='ocrx_word' id='word_1_41' title='bbox 855 1080 936 1144; x_wconf 89' lang='lat' dir='ltr'>quae</span> <span class='ocrx_word' id='word_1_42' title='bbox 958 1058 987 1122; x_wconf 92' lang='lat' dir='ltr'>ei</span> <span class='ocrx_word' id='word_1_43' title='bbox 1009 1058 1143 1123; x_wconf 79' lang='lat' dir='ltr'>vitanda</span> <span class='ocrx_word' id='word_1_44' title='bbox 1169 1061 1255 1138; x_wconf 92' lang='lat' dir='ltr'>erat,</span> <span class='ocrx_word' id='word_1_45' title='bbox 1283 1080 1349 1124; x_wconf 93' lang='lat' dir='ltr'>non</span> <span class='ocrx_word' id='word_1_46' title='bbox 1378 1080 1466 1124; x_wconf 92' lang='lat' dir='ltr'>com-</span> 
     </span>
     <span class='ocr_line' id='line_1_7' title="bbox 273 1163 1466 1231; baseline -0.003 0"><span class='ocrx_word' id='word_1_47' title='bbox 273 1165 469 1231; x_wconf 89' lang='lat' dir='ltr'>mendabant</span> <span class='ocrx_word' id='word_1_48' title='bbox 492 1165 594 1230; x_wconf 88' lang='lat' dir='ltr'>solum</span> <span class='ocrx_word' id='word_1_49' title='bbox 620 1169 672 1230; x_wconf 90' lang='lat' dir='ltr'>sed</span> <span class='ocrx_word' id='word_1_50' title='bbox 697 1165 748 1230; x_wconf 80' lang='lat' dir='ltr'>vel</span> <span class='ocrx_word' id='word_1_51' title='bbox 768 1166 986 1229; x_wconf 91' lang='lat' dir='ltr'>obtrudebant</span> <span class='ocrx_word' id='word_1_52' title='bbox 1008 1163 1076 1229; x_wconf 93' lang='lat' dir='ltr'>eius</span> <span class='ocrx_word' id='word_1_53' title='bbox 1095 1164 1204 1229; x_wconf 90' lang='lat' dir='ltr'>menti.</span> <span class='ocrx_word' id='word_1_54' title='bbox 1227 1163 1311 1230; x_wconf 89' lang='lat' dir='ltr'>Nam</span> <span class='ocrx_word' id='word_1_55' title='bbox 1324 1166 1359 1229; x_wconf 91' lang='lat' dir='ltr'>in</span> <span class='ocrx_word' id='word_1_56' title='bbox 1372 1166 1466 1229; x_wconf 90' lang='lat' dir='ltr'>rebus</span> 
     </span>
     <span class='ocr_line' id='line_1_8' title="bbox 272 1270 1467 1355; baseline -0.003 -19"><span class='ocrx_word' id='word_1_57' title='bbox 272 1271 389 1336; x_wconf 87' lang='lat' dir='ltr'>divinis</span> <span class='ocrx_word' id='word_1_58' title='bbox 423 1270 590 1336; x_wconf 90' lang='lat' dir='ltr'>hominum</span> <span class='ocrx_word' id='word_1_59' title='bbox 621 1271 735 1336; x_wconf 86' lang='lat' dir='ltr'>studia¹</span> <span class='ocrx_word' id='word_1_60' title='bbox 757 1272 855 1355; x_wconf 85' lang='lat' dir='ltr'>vulgo</span> <span class='ocrx_word' id='word_1_61' title='bbox 886 1270 947 1335; x_wconf 92' lang='lat' dir='ltr'>hoc</span> <span class='ocrx_word' id='word_1_62' title='bbox 977 1273 1072 1335; x_wconf 91' lang='lat' dir='ltr'>modo</span> <span class='ocrx_word' id='word_1_63' title='bbox 1105 1274 1294 1355; x_wconf 84' lang='lat' dir='ltr'>separantur</span> <span class='ocrx_word' id='word_1_64' title='bbox 1316 1274 1352 1335; x_wconf 91' lang='lat' dir='ltr'>ut</span> <span class='ocrx_word' id='word_1_65' title='bbox 1375 1270 1467 1334; x_wconf 84' lang='lat' dir='ltr'>alteri</span> 
     </span>
     <span class='ocr_line' id='line_1_9' title="bbox 273 1376 1467 1464; baseline -0.003 -22"><span class='ocrx_word' id='word_1_66' title='bbox 273 1398 354 1464; x_wconf 88' lang='lat' dir='ltr'>quae</span> <span class='ocrx_word' id='word_1_67' title='bbox 383 1379 490 1441; x_wconf 90' lang='lat' dir='ltr'>mente</span> <span class='ocrx_word' id='word_1_68' title='bbox 522 1397 588 1440; x_wconf 93' lang='lat' dir='ltr'>non</span> <span class='ocrx_word' id='word_1_69' title='bbox 621 1377 752 1462; x_wconf 88' lang='lat' dir='ltr'>capiant</span> <span class='ocrx_word' id='word_1_70' title='bbox 780 1376 1032 1462; x_wconf 86' lang='lat' dir='ltr'>praetermittere</span> <span class='ocrx_word' id='word_1_71' title='bbox 1066 1378 1099 1440; x_wconf 90' lang='lat' dir='ltr'>et</span> <span class='ocrx_word' id='word_1_72' title='bbox 1128 1377 1229 1440; x_wconf 80' lang='lat' dir='ltr'>vitare</span> <span class='ocrx_word' id='word_1_73' title='bbox 1259 1377 1403 1461; x_wconf 82' lang='lat' dir='ltr'>soleant,</span> <span class='ocrx_word' id='word_1_74' title='bbox 1430 1397 1467 1440; x_wconf 91' lang='lat' dir='ltr'>ea</span> 
     </span>
     <span class='ocr_line' id='line_1_10' title="bbox 273 1481 1465 1568; baseline -0.001 -21"><span class='ocrx_word' id='word_1_75' title='bbox 273 1481 403 1548; x_wconf 91' lang='lat' dir='ltr'>omnino</span> <span class='ocrx_word' id='word_1_76' title='bbox 433 1481 665 1567; x_wconf 79' lang='lat' dir='ltr'>intelligentiae</span> <span class='ocrx_word' id='word_1_77' title='bbox 695 1483 761 1548; x_wconf 80' lang='lat' dir='ltr'>vim</span> <span class='ocrx_word' id='word_1_78' title='bbox 785 1488 817 1548; x_wconf 91' lang='lat' dir='ltr'>et</span> <span class='ocrx_word' id='word_1_79' title='bbox 840 1484 1005 1548; x_wconf 89' lang='lat' dir='ltr'>notionem</span> <span class='ocrx_word' id='word_1_80' title='bbox 1028 1483 1139 1568; x_wconf 78' lang='lat' dir='ltr'>fugere</span> <span class='ocrx_word' id='word_1_81' title='bbox 1166 1489 1347 1565; x_wconf 84' lang='lat' dir='ltr'>censentes,</span> <span class='ocrx_word' id='word_1_82' title='bbox 1372 1483 1465 1546; x_wconf 85' lang='lat' dir='ltr'>alteri</span> 
     </span>
     <span class='ocr_line' id='line_1_11' title="bbox 273 1586 1466 1674; baseline -0.004 -19"><span class='ocrx_word' id='word_1_83' title='bbox 273 1611 348 1655; x_wconf 88' lang='lat' dir='ltr'>vero</span> <span class='ocrx_word' id='word_1_84' title='bbox 371 1589 495 1654; x_wconf 88' lang='lat' dir='ltr'>etiamsi</span> <span class='ocrx_word' id='word_1_85' title='bbox 519 1589 580 1654; x_wconf 91' lang='lat' dir='ltr'>hoc</span> <span class='ocrx_word' id='word_1_86' title='bbox 602 1611 669 1654; x_wconf 94' lang='lat' dir='ltr'>non</span> <span class='ocrx_word' id='word_1_87' title='bbox 692 1592 829 1674; x_wconf 81' lang='lat' dir='ltr'>negent,</span> <span class='ocrx_word' id='word_1_88' title='bbox 855 1592 963 1654; x_wconf 87' lang='lat' dir='ltr'>temen</span> <span class='ocrx_word' id='word_1_89' title='bbox 986 1589 1064 1674; x_wconf 92' lang='lat' dir='ltr'>ipsis</span> <span class='ocrx_word' id='word_1_90' title='bbox 1086 1588 1326 1673; x_wconf 88' lang='lat' dir='ltr'>quaestionibus</span> <span class='ocrx_word' id='word_1_91' title='bbox 1351 1591 1384 1652; x_wconf 93' lang='lat' dir='ltr'>et</span> <span class='ocrx_word' id='word_1_92' title='bbox 1404 1586 1466 1652; x_wconf 82' lang='lat' dir='ltr'>dif-</span> 
     </span>
     <span class='ocr_line' id='line_1_12' title="bbox 272 1693 1467 1779; baseline -0.002 -20"><span class='ocrx_word' id='word_1_93' title='bbox 272 1695 468 1760; x_wconf 88' lang='lat' dir='ltr'>ficultatibus</span> <span class='ocrx_word' id='word_1_94' title='bbox 487 1695 533 1760; x_wconf 91' lang='lat' dir='ltr'>ita</span> <span class='ocrx_word' id='word_1_95' title='bbox 552 1695 756 1760; x_wconf 87' lang='lat' dir='ltr'>stimulentur</span> <span class='ocrx_word' id='word_1_96' title='bbox 777 1699 813 1759; x_wconf 90' lang='lat' dir='ltr'>ut</span> <span class='ocrx_word' id='word_1_97' title='bbox 834 1716 899 1760; x_wconf 94' lang='lat' dir='ltr'>non</span> <span class='ocrx_word' id='word_1_98' title='bbox 920 1717 952 1760; x_wconf 89' lang='lat' dir='ltr'>se</span> <span class='ocrx_word' id='word_1_99' title='bbox 972 1694 1160 1760; x_wconf 87' lang='lat' dir='ltr'>contineant</span> <span class='ocrx_word' id='word_1_100' title='bbox 1171 1694 1250 1779; x_wconf 92' lang='lat' dir='ltr'>quin</span> <span class='ocrx_word' id='word_1_101' title='bbox 1263 1693 1359 1758; x_wconf 87' lang='lat' dir='ltr'>etiam</span> <span class='ocrx_word' id='word_1_102' title='bbox 1372 1695 1467 1777; x_wconf 89' lang='lat' dir='ltr'>atque</span> 
     </span>
     <span class='ocr_line' id='line_1_13' title="bbox 273 1797 1467 1886; baseline -0.004 -20"><span class='ocrx_word' id='word_1_103' title='bbox 273 1801 370 1866; x_wconf 92' lang='lat' dir='ltr'>etiam</span> <span class='ocrx_word' id='word_1_104' title='bbox 401 1800 509 1865; x_wconf 89' lang='lat' dir='ltr'>omnia</span> <span class='ocrx_word' id='word_1_105' title='bbox 532 1800 728 1884; x_wconf 84' lang='lat' dir='ltr'>cogitatione</span> <span class='ocrx_word' id='word_1_106' title='bbox 750 1801 918 1886; x_wconf 89' lang='lat' dir='ltr'>inquirant</span> <span class='ocrx_word' id='word_1_107' title='bbox 943 1822 979 1864; x_wconf 91' lang='lat' dir='ltr'>ac</span> <span class='ocrx_word' id='word_1_108' title='bbox 1004 1800 1227 1883; x_wconf 86' lang='lat' dir='ltr'>pervestigent.</span> <span class='ocrx_word' id='word_1_109' title='bbox 1266 1797 1408 1874; x_wconf 80' lang='lat' dir='ltr'>Quorum</span> <span class='ocrx_word' id='word_1_110' title='bbox 1432 1798 1467 1862; x_wconf 92' lang='lat' dir='ltr'>in</span> 
     </span>
     <span class='ocr_line' id='line_1_14' title="bbox 274 1902 1467 1992; baseline -0.005 -20"><span class='ocrx_word' id='word_1_111' title='bbox 274 1928 405 1973; x_wconf 88' lang='lat' dir='ltr'>numero</span> <span class='ocrx_word' id='word_1_112' title='bbox 436 1928 533 1992; x_wconf 88' lang='lat' dir='ltr'>quum</span> <span class='ocrx_word' id='word_1_113' title='bbox 566 1909 647 1971; x_wconf 91' lang='lat' dir='ltr'>esset</span> <span class='ocrx_word' id='word_1_114' title='bbox 676 1907 863 1992; x_wconf 79' lang='lat' dir='ltr'>Euripides,</span> <span class='ocrx_word' id='word_1_115' title='bbox 894 1906 971 1991; x_wconf 89' lang='lat' dir='ltr'>quia</span> <span class='ocrx_word' id='word_1_116' title='bbox 1002 1905 1161 1970; x_wconf 85' lang='lat' dir='ltr'>sentiebat</span> <span class='ocrx_word' id='word_1_117' title='bbox 1194 1903 1381 1989; x_wconf 90' lang='lat' dir='ltr'>perniciosis</span> <span class='ocrx_word' id='word_1_118' title='bbox 1404 1902 1467 1967; x_wconf 91' lang='lat' dir='ltr'>illis</span> 
     </span>
    </p>
   </div>
   <div class='ocr_carea' id='block_1_3' title="bbox 179 2009 1562 2098">
    <p class='ocr_par' dir='ltr' id='par_1_4' title="bbox 179 2009 1562 2098">
     <span class='ocr_line' id='line_1_15' title="bbox 179 2009 1562 2098; baseline -0.005 -18"><span class='ocrx_word' id='word_1_119' title='bbox 179 2053 182 2060; x_wconf 40' lang='grc' dir='ltr'>ι</span> <span class='ocrx_word' id='word_1_120' title='bbox 274 2013 374 2079; x_wconf 89' lang='lat' dir='ltr'>animi</span> <span class='ocrx_word' id='word_1_121' title='bbox 409 2013 721 2098; x_wconf 88' lang='lat' dir='ltr'>perturbationibus,</span> <span class='ocrx_word' id='word_1_122' title='bbox 755 2035 835 2097; x_wconf 86' lang='lat' dir='ltr'>quas</span> <span class='ocrx_word' id='word_1_123' title='bbox 870 2013 914 2077; x_wconf 94' lang='lat' dir='ltr'>dii</span> <span class='ocrx_word' id='word_1_124' title='bbox 942 2011 1088 2077; x_wconf 87' lang='lat' dir='ltr'>consulto</span> <span class='ocrx_word' id='word_1_125' title='bbox 1120 2010 1303 2077; x_wconf 89' lang='lat' dir='ltr'>hominibus</span> <span class='ocrx_word' id='word_1_126' title='bbox 1334 2009 1465 2094; x_wconf 88' lang='lat' dir='ltr'>injicere</span> <span class='ocrx_word' id='word_1_127' title='bbox 1557 2037 1562 2046; x_wconf 94' lang='lat'><em>·</em></span> 
     </span>
    </p>
   </div>
   <div class='ocr_carea' id='block_1_4' title="bbox 273 2115 1470 3688">
    <p class='ocr_par' dir='ltr' id='par_1_5' title="bbox 273 2115 1469 3031">
     <span class='ocr_line' id='line_1_16' title="bbox 275 2115 1468 2203; baseline -0.005 -18"><span class='ocrx_word' id='word_1_128' title='bbox 275 2120 496 2203; x_wconf 86' lang='lat' dir='ltr'>crederentur,</span> <span class='ocrx_word' id='word_1_129' title='bbox 529 2118 746 2184; x_wconf 87' lang='lat' dir='ltr'>difficultatem</span> <span class='ocrx_word' id='word_1_130' title='bbox 773 2118 893 2197; x_wconf 91' lang='lat' dir='ltr'>inesse,</span> <span class='ocrx_word' id='word_1_131' title='bbox 923 2117 984 2182; x_wconf 86' lang='lat' dir='ltr'>hac</span> <span class='ocrx_word' id='word_1_132' title='bbox 1013 2117 1083 2202; x_wconf 89' lang='lat' dir='ltr'>ipsa</span> <span class='ocrx_word' id='word_1_133' title='bbox 1106 2119 1144 2181; x_wconf 92' lang='lat' dir='ltr'>de</span> <span class='ocrx_word' id='word_1_134' title='bbox 1168 2138 1263 2182; x_wconf 86' lang='lat' dir='ltr'>causa</span> <span class='ocrx_word' id='word_1_135' title='bbox 1286 2115 1468 2180; x_wconf 91' lang='lat' dir='ltr'>huiusmodi</span> 
     </span>
     <span class='ocr_line' id='line_1_17' title="bbox 276 2221 1468 2312; baseline -0.003 -22"><span class='ocrx_word' id='word_1_136' title='bbox 276 2225 522 2311; x_wconf 86' lang='lat' dir='ltr'>aggrediebatur</span> <span class='ocrx_word' id='word_1_137' title='bbox 553 2228 742 2312; x_wconf 80' lang='lat' dir='ltr'>argumenta</span> <span class='ocrx_word' id='word_1_138' title='bbox 773 2222 1120 2305; x_wconf 75' lang='grc' dir='ltr'><strong><em>παρακεκινδυνευμένα.</em></strong></span> <span class='ocrx_word' id='word_1_139' title='bbox 1150 2221 1234 2287; x_wconf 91' lang='lat' dir='ltr'>Dum</span> <span class='ocrx_word' id='word_1_140' title='bbox 1258 2242 1334 2307; x_wconf 91' lang='lat' dir='ltr'>ergo</span> <span class='ocrx_word' id='word_1_141' title='bbox 1358 2222 1468 2287; x_wconf 90' lang='lat' dir='ltr'>omnia</span> 
     </span>
     <span class='ocr_line' id='line_1_18' title="bbox 275 2323 1466 2418; baseline -0.003 -22"><span class='ocrx_word' id='word_1_142' title='bbox 275 2332 432 2418; x_wconf 86' lang='lat' dir='ltr'>explicare</span> <span class='ocrx_word' id='word_1_143' title='bbox 454 2332 604 2397; x_wconf 88' lang='lat' dir='ltr'>studebat</span> <span class='ocrx_word' id='word_1_144' title='bbox 627 2354 694 2396; x_wconf 94' lang='lat' dir='ltr'>non</span> <span class='ocrx_word' id='word_1_145' title='bbox 717 2335 844 2416; x_wconf 89' lang='lat' dir='ltr'>poterat</span> <span class='ocrx_word' id='word_1_146' title='bbox 855 2353 922 2396; x_wconf 95' lang='lat' dir='ltr'>non</span> <span class='ocrx_word' id='word_1_147' title='bbox 936 2329 1107 2415; x_wconf 84' lang='lat' dir='ltr'>confugere</span> <span class='ocrx_word' id='word_1_148' title='bbox 1119 2329 1161 2392; x_wconf 90' lang='lat' dir='ltr'>ad</span> <span class='ocrx_word' id='word_1_149' title='bbox 1172 2323 1311 2393; x_wconf 89' lang='lat' dir='ltr'>rationes</span> <span class='ocrx_word' id='word_1_150' title='bbox 1324 2330 1356 2392; x_wconf 90' lang='lat' dir='ltr'>et</span> <span class='ocrx_word' id='word_1_151' title='bbox 1369 2347 1466 2412; x_wconf 88' lang='lat' dir='ltr'>argu-</span> 
     </span>
     <span class='ocr_line' id='line_1_19' title="bbox 276 2433 1469 2519; baseline -0.007 -14"><span class='ocrx_word' id='word_1_152' title='bbox 276 2444 384 2505; x_wconf 87' lang='lat' dir='ltr'>menta</span> <span class='ocrx_word' id='word_1_153' title='bbox 414 2440 520 2505; x_wconf 92' lang='lat' dir='ltr'>nescio</span> <span class='ocrx_word' id='word_1_154' title='bbox 551 2441 636 2504; x_wconf 90' lang='lat' dir='ltr'>unde</span> <span class='ocrx_word' id='word_1_155' title='bbox 659 2438 827 2516; x_wconf 88' lang='lat' dir='ltr'>arcessite,</span> <span class='ocrx_word' id='word_1_156' title='bbox 853 2441 885 2502; x_wconf 91' lang='lat' dir='ltr'>et</span> <span class='ocrx_word' id='word_1_157' title='bbox 908 2437 1086 2502; x_wconf 89' lang='lat' dir='ltr'>molestiam</span> <span class='ocrx_word' id='word_1_158' title='bbox 1112 2435 1162 2501; x_wconf 80' lang='lat' dir='ltr'>vel</span> <span class='ocrx_word' id='word_1_159' title='bbox 1184 2434 1346 2519; x_wconf 88' lang='lat' dir='ltr'>augentia.</span> <span class='ocrx_word' id='word_1_160' title='bbox 1381 2433 1469 2498; x_wconf 92' lang='lat' dir='ltr'>Hine</span> 
     </span>
     <span class='ocr_line' id='line_1_20' title="bbox 276 2539 1468 2631; baseline -0.008 -20"><span class='ocrx_word' id='word_1_161' title='bbox 276 2546 393 2612; x_wconf 92' lang='lat' dir='ltr'>Veneri</span> <span class='ocrx_word' id='word_1_162' title='bbox 424 2546 639 2631; x_wconf 89' lang='lat' dir='ltr'>profitendum</span> <span class='ocrx_word' id='word_1_163' title='bbox 668 2544 730 2609; x_wconf 90' lang='lat' dir='ltr'>fuit</span> <span class='ocrx_word' id='word_1_164' title='bbox 764 2566 798 2608; x_wconf 92' lang='lat' dir='ltr'>se</span> <span class='ocrx_word' id='word_1_165' title='bbox 828 2543 991 2609; x_wconf 86' lang='lat' dir='ltr'>Phaedrae</span> <span class='ocrx_word' id='word_1_166' title='bbox 1022 2540 1205 2607; x_wconf 88' lang='lat' dir='ltr'>innocentis</span> <span class='ocrx_word' id='word_1_167' title='bbox 1228 2543 1363 2605; x_wconf 90' lang='lat' dir='ltr'>mortem</span> <span class='ocrx_word' id='word_1_168' title='bbox 1387 2539 1468 2603; x_wconf 91' lang='lat' dir='ltr'>nihil</span> 
     </span>
     <span class='ocr_line' id='line_1_21' title="bbox 276 2635 1468 2735; baseline -0.007 -19"><span class='ocrx_word' id='word_1_169' title='bbox 276 2672 397 2728; x_wconf 84' lang='lat' dir='ltr'>curare3</span> <span class='ocrx_word' id='word_1_170' title='bbox 428 2651 505 2716; x_wconf 92' lang='lat' dir='ltr'>hinc</span> <span class='ocrx_word' id='word_1_171' title='bbox 536 2650 723 2735; x_wconf 90' lang='lat' dir='ltr'>probrosum</span> <span class='ocrx_word' id='word_1_172' title='bbox 755 2649 877 2715; x_wconf 85' lang='lat' dir='ltr'>exstitit</span> <span class='ocrx_word' id='word_1_173' title='bbox 904 2635 1013 2713; x_wconf 88' lang='lat' dir='ltr'>odium</span> <span class='ocrx_word' id='word_1_174' title='bbox 1037 2649 1121 2712; x_wconf 91' lang='lat' dir='ltr'>inter</span> <span class='ocrx_word' id='word_1_175' title='bbox 1145 2645 1281 2711; x_wconf 87' lang='lat' dir='ltr'>Dianam</span> <span class='ocrx_word' id='word_1_176' title='bbox 1306 2649 1338 2710; x_wconf 92' lang='lat' dir='ltr'>et</span> <span class='ocrx_word' id='word_1_177' title='bbox 1360 2645 1468 2711; x_wconf 91' lang='lat' dir='ltr'>Vene-</span> 
     </span>
     <span class='ocr_line' id='line_1_22' title="bbox 274 2752 1469 2840; baseline -0.004 -20"><span class='ocrx_word' id='word_1_178' title='bbox 274 2778 359 2839; x_wconf 91' lang='lat' dir='ltr'>rem,</span> <span class='ocrx_word' id='word_1_179' title='bbox 384 2755 562 2821; x_wconf 88' lang='lat' dir='ltr'>Homericis</span> <span class='ocrx_word' id='word_1_180' title='bbox 585 2777 685 2840; x_wconf 89' lang='lat' dir='ltr'>prope</span> <span class='ocrx_word' id='word_1_181' title='bbox 708 2755 768 2819; x_wconf 92' lang='lat' dir='ltr'>diis</span> <span class='ocrx_word' id='word_1_182' title='bbox 790 2755 962 2839; x_wconf 88' lang='lat' dir='ltr'>indignum</span> <span class='ocrx_word' id='word_1_183' title='bbox 976 2753 1014 2839; x_wconf 68' lang='grc'>2).</span> <span class='ocrx_word' id='word_1_184' title='bbox 1047 2753 1156 2838; x_wconf 86' lang='lat' dir='ltr'>thue</span> <span class='ocrx_word' id='word_1_185' title='bbox 1179 2752 1261 2816; x_wconf 88' lang='lat' dir='ltr'>ratio</span> <span class='ocrx_word' id='word_1_186' title='bbox 1284 2754 1469 2816; x_wconf 89' lang='lat' dir='ltr'>redderetur</span> 
     </span>
     <span class='ocr_line' id='line_1_23' title="bbox 274 2858 1469 2945; baseline -0.003 -20"><span class='ocrx_word' id='word_1_187' title='bbox 274 2882 372 2944; x_wconf 88' lang='lat' dir='ltr'>quare</span> <span class='ocrx_word' id='word_1_188' title='bbox 402 2859 507 2925; x_wconf 87' lang='lat' dir='ltr'>Diana</span> <span class='ocrx_word' id='word_1_189' title='bbox 539 2859 752 2945; x_wconf 86' lang='lat' dir='ltr'>Hippolytum</span> <span class='ocrx_word' id='word_1_190' title='bbox 778 2881 845 2924; x_wconf 93' lang='lat' dir='ltr'>non</span> <span class='ocrx_word' id='word_1_191' title='bbox 870 2859 1075 2941; x_wconf 84' lang='lat' dir='ltr'>servavisset,</span> <span class='ocrx_word' id='word_1_192' title='bbox 1096 2858 1193 2922; x_wconf 88' lang='lat' dir='ltr'>finxit</span> <span class='ocrx_word' id='word_1_193' title='bbox 1215 2860 1363 2943; x_wconf 86' lang='lat' dir='ltr'>pactum,</span> <span class='ocrx_word' id='word_1_194' title='bbox 1384 2859 1469 2943; x_wconf 89' lang='lat' dir='ltr'>quod</span> 
     </span>
     <span class='ocr_line' id='line_1_24' title="bbox 273 2965 1148 3031; baseline 0 -2"><span class='ocrx_word' id='word_1_195' title='bbox 273 2966 409 3031; x_wconf 90' lang='lat' dir='ltr'>alterum</span> <span class='ocrx_word' id='word_1_196' title='bbox 433 2966 528 3031; x_wconf 91' lang='lat' dir='ltr'>deum</span> <span class='ocrx_word' id='word_1_197' title='bbox 550 2967 681 3031; x_wconf 89' lang='lat' dir='ltr'>alterius</span> <span class='ocrx_word' id='word_1_198' title='bbox 705 2965 817 3031; x_wconf 90' lang='lat' dir='ltr'>studiis</span> <span class='ocrx_word' id='word_1_199' title='bbox 840 2965 994 3031; x_wconf 89' lang='lat' dir='ltr'>obsistere</span> <span class='ocrx_word' id='word_1_200' title='bbox 1016 2967 1148 3030; x_wconf 87' lang='lat' dir='ltr'>vetaret.</span> 
     </span>
    </p>

    <p class='ocr_par' dir='ltr' id='par_1_6' title="bbox 273 3071 1470 3456">
     <span class='ocr_line' id='line_1_25' title="bbox 319 3071 1469 3138; baseline 0 -3"><span class='ocrx_word' id='word_1_201' title='bbox 319 3071 388 3136; x_wconf 88' lang='lat' dir='ltr'>Nec</span> <span class='ocrx_word' id='word_1_202' title='bbox 419 3072 600 3136; x_wconf 89' lang='lat' dir='ltr'>mirandum</span> <span class='ocrx_word' id='word_1_203' title='bbox 630 3074 678 3138; x_wconf 92' lang='lat' dir='ltr'>est</span> <span class='ocrx_word' id='word_1_204' title='bbox 709 3072 865 3138; x_wconf 89' lang='lat' dir='ltr'>nutricem</span> <span class='ocrx_word' id='word_1_205' title='bbox 894 3072 1057 3137; x_wconf 89' lang='lat' dir='ltr'>Phaedrae</span> <span class='ocrx_word' id='word_1_206' title='bbox 1080 3071 1209 3136; x_wconf 90' lang='lat' dir='ltr'>suadere</span> <span class='ocrx_word' id='word_1_207' title='bbox 1235 3075 1270 3136; x_wconf 90' lang='lat' dir='ltr'>ut</span> <span class='ocrx_word' id='word_1_208' title='bbox 1293 3071 1393 3136; x_wconf 89' lang='lat' dir='ltr'>amori</span> <span class='ocrx_word' id='word_1_209' title='bbox 1416 3071 1469 3135; x_wconf 92' lang='lat' dir='ltr'>in-</span> 
     </span>
     <span class='ocr_line' id='line_1_26' title="bbox 274 3177 1469 3264; baseline 0.001 -23"><span class='ocrx_word' id='word_1_210' title='bbox 274 3178 422 3264; x_wconf 88' lang='lat' dir='ltr'>dulgeat,</span> <span class='ocrx_word' id='word_1_211' title='bbox 443 3181 476 3242; x_wconf 91' lang='lat' dir='ltr'>et</span> <span class='ocrx_word' id='word_1_212' title='bbox 494 3179 569 3244; x_wconf 90' lang='lat' dir='ltr'>huic</span> <span class='ocrx_word' id='word_1_213' title='bbox 588 3179 719 3243; x_wconf 91' lang='lat' dir='ltr'>consilio</span> <span class='ocrx_word' id='word_1_214' title='bbox 738 3180 873 3264; x_wconf 90' lang='lat' dir='ltr'>speciem</span> <span class='ocrx_word' id='word_1_215' title='bbox 892 3179 1035 3264; x_wconf 85' lang='lat' dir='ltr'>justitiae</span> <span class='ocrx_word' id='word_1_216' title='bbox 1051 3179 1276 3264; x_wconf 90' lang='lat' dir='ltr'>praetendere,</span> <span class='ocrx_word' id='word_1_217' title='bbox 1289 3199 1352 3263; x_wconf 89' lang='lat' dir='ltr'>qua</span> <span class='ocrx_word' id='word_1_218' title='bbox 1364 3177 1469 3243; x_wconf 92' lang='lat' dir='ltr'>omnis</span> 
     </span>
     <span class='ocr_line' id='line_1_27' title="bbox 274 3282 1470 3371; baseline 0 -22"><span class='ocrx_word' id='word_1_219' title='bbox 274 3284 367 3369; x_wconf 88' lang='lat' dir='ltr'>culpa</span> <span class='ocrx_word' id='word_1_220' title='bbox 389 3284 424 3349; x_wconf 94' lang='lat' dir='ltr'>in</span> <span class='ocrx_word' id='word_1_221' title='bbox 448 3285 607 3351; x_wconf 89' lang='lat' dir='ltr'>Venerem</span> <span class='ocrx_word' id='word_1_222' title='bbox 631 3283 813 3350; x_wconf 85' lang='lat' dir='ltr'>conferatur</span> <span class='ocrx_word' id='word_1_223' title='bbox 836 3285 1054 3371; x_wconf 82' lang='lat'>(433-481).</span> <span class='ocrx_word' id='word_1_224' title='bbox 1085 3283 1154 3349; x_wconf 93' lang='lat' dir='ltr'>Nec</span> <span class='ocrx_word' id='word_1_225' title='bbox 1178 3282 1330 3348; x_wconf 86' lang='lat' dir='ltr'>miramur</span> <span class='ocrx_word' id='word_1_226' title='bbox 1353 3284 1388 3348; x_wconf 92' lang='lat' dir='ltr'>in</span> <span class='ocrx_word' id='word_1_227' title='bbox 1409 3283 1470 3350; x_wconf 86' lang='lat' dir='ltr'>hac</span> 
     </span>
     <span class='ocr_line' id='line_1_28' title="bbox 273 3391 1164 3456; baseline -0.001 -1"><span class='ocrx_word' id='word_1_228' title='bbox 273 3411 380 3455; x_wconf 89' lang='lat' dir='ltr'>rerum</span> <span class='ocrx_word' id='word_1_229' title='bbox 403 3391 591 3456; x_wconf 81' lang='lat' dir='ltr'>confusione</span> <span class='ocrx_word' id='word_1_230' title='bbox 613 3391 792 3455; x_wconf 89' lang='lat' dir='ltr'>Phaedram</span> <span class='ocrx_word' id='word_1_231' title='bbox 817 3393 915 3456; x_wconf 88' lang='lat' dir='ltr'>noctu</span> <span class='ocrx_word' id='word_1_232' title='bbox 939 3391 1164 3456; x_wconf 85' lang='lat' dir='ltr'>meditantem:</span> 
     </span>
    </p>

    <p class='ocr_par' dir='ltr' id='par_1_7' title="bbox 273 3491 1175 3688">
     <span class='ocr_line' id='line_1_29' title="bbox 587 3491 1175 3583; baseline 0.002 -22"><span class='ocrx_word' id='word_1_233' title='bbox 587 3497 697 3569; x_wconf 69' lang='grc' dir='ltr'><strong><em>θνητῶν</em></strong></span> <span class='ocrx_word' id='word_1_234' title='bbox 722 3491 741 3578; x_wconf 69' lang='grc' dir='ltr'><em>ᾖ</em></span> <span class='ocrx_word' id='word_1_235' title='bbox 762 3496 944 3578; x_wconf 75' lang='grc' dir='ltr'><strong><em>διέφθαρται</em></strong></span> <span class='ocrx_word' id='word_1_236' title='bbox 968 3497 1036 3574; x_wconf 68' lang='grc' dir='ltr'>βίος</span> <span class='ocrx_word' id='word_1_237' title='bbox 1061 3497 1175 3583; x_wconf 84' lang='grc'>(376),</span> 
     </span>
     <span class='ocr_line' id='line_1_30' title="bbox 273 3601 980 3688; baseline 0.003 -22"><span class='ocrx_word' id='word_1_238' title='bbox 273 3623 377 3688; x_wconf 91' lang='lat' dir='ltr'>neque</span> <span class='ocrx_word' id='word_1_239' title='bbox 399 3601 531 3666; x_wconf 87' lang='lat' dir='ltr'>chorum</span> <span class='ocrx_word' id='word_1_240' title='bbox 555 3603 725 3676; x_wconf 84' lang='lat' dir='ltr'>testantem</span> <span class='ocrx_word' id='word_1_241' title='bbox 748 3601 852 3687; x_wconf 81' lang='lat'>(1104</span> <span class='ocrx_word' id='word_1_242' title='bbox 876 3607 980 3686; x_wconf 85' lang='lat' dir='ltr'>sqq.):</span> 
     </span>
    </p>
   </div>
   <div class='ocr_carea' id='block_1_5' title="bbox 276 3799 451 3808">
    <p class='ocr_par' dir='ltr' id='par_1_8' title="bbox 276 3799 451 3808">
     <span class='ocr_line' id='line_1_31' title="bbox 276 3799 451 3808; baseline 0.006 -2"><span class='ocrx_word' id='word_1_243' title='bbox 276 3799 451 3808; x_wconf 83' lang='lat'>——-———</span> 
     </span>
    </p>
   </div>
   <div class='ocr_carea' id='block_1_6' title="bbox 272 3914 1469 4638">
    <p class='ocr_par' dir='ltr' id='par_1_9' title="bbox 272 3914 1469 4309">
     <span class='ocr_line' id='line_1_32' title="bbox 308 3914 1468 3982; baseline 0.002 -19"><span class='ocrx_word' id='word_1_244' title='bbox 308 3914 336 3979; x_wconf 88' lang='lat'>1)</span> <span class='ocrx_word' id='word_1_245' title='bbox 353 3914 511 3964; x_wconf 85' lang='lat' dir='ltr'>Vehementer</span> <span class='ocrx_word' id='word_1_246' title='bbox 533 3914 602 3964; x_wconf 88' lang='lat' dir='ltr'>doleo</span> <span class='ocrx_word' id='word_1_247' title='bbox 619 3916 682 3980; x_wconf 86' lang='lat' dir='ltr'>quod</span> <span class='ocrx_word' id='word_1_248' title='bbox 700 3915 824 3982; x_wconf 81' lang='lat' dir='ltr'>Sophoclis</span> <span class='ocrx_word' id='word_1_249' title='bbox 842 3916 951 3965; x_wconf 86' lang='lat' dir='ltr'>Phaedra</span> <span class='ocrx_word' id='word_1_250' title='bbox 967 3915 1068 3966; x_wconf 87' lang='lat' dir='ltr'>interiit.</span> <span class='ocrx_word' id='word_1_251' title='bbox 1087 3915 1113 3966; x_wconf 84' lang='lat' dir='ltr'>Si</span> <span class='ocrx_word' id='word_1_252' title='bbox 1131 3931 1183 3966; x_wconf 90' lang='lat' dir='ltr'>eam</span> <span class='ocrx_word' id='word_1_253' title='bbox 1207 3931 1290 3965; x_wconf 85' lang='lat' dir='ltr'>revera</span> <span class='ocrx_word' id='word_1_254' title='bbox 1307 3918 1394 3966; x_wconf 86' lang='lat' dir='ltr'>Seneca</span> <span class='ocrx_word' id='word_1_255' title='bbox 1411 3916 1468 3966; x_wconf 90' lang='lat' dir='ltr'>imi·</span> 
     </span>
     <span class='ocr_line' id='line_1_33' title="bbox 272 3997 1469 4064; baseline 0.003 -19"><span class='ocrx_word' id='word_1_256' title='bbox 272 3999 337 4047; x_wconf 84' lang='lat' dir='ltr'>tatus</span> <span class='ocrx_word' id='word_1_257' title='bbox 362 4001 412 4059; x_wconf 85' lang='lat' dir='ltr'>est,</span> <span class='ocrx_word' id='word_1_258' title='bbox 435 3997 558 4047; x_wconf 86' lang='lat' dir='ltr'>Phaedrae</span> <span class='ocrx_word' id='word_1_259' title='bbox 580 3997 655 4062; x_wconf 86' lang='lat' dir='ltr'>magis</span> <span class='ocrx_word' id='word_1_260' title='bbox 677 4013 749 4063; x_wconf 87' lang='lat' dir='ltr'>quam</span> <span class='ocrx_word' id='word_1_261' title='bbox 772 3998 901 4064; x_wconf 86' lang='lat' dir='ltr'>Hippolyti</span> <span class='ocrx_word' id='word_1_262' title='bbox 925 3999 1045 4048; x_wconf 81' lang='lat' dir='ltr'>cruciatus</span> <span class='ocrx_word' id='word_1_263' title='bbox 1068 3998 1091 4047; x_wconf 89' lang='lat' dir='ltr'>ei</span> <span class='ocrx_word' id='word_1_264' title='bbox 1107 3999 1343 4062; x_wconf 72' lang='lat' dir='ltr'>argumentorum,</span> <span class='ocrx_word' id='word_1_265' title='bbox 1363 3999 1426 4062; x_wconf 82' lang='lat' dir='ltr'>quod</span> <span class='ocrx_word' id='word_1_266' title='bbox 1444 4003 1469 4048; x_wconf 86' lang='lat' dir='ltr'>et</span> 
     </span>
     <span class='ocr_line' id='line_1_34' title="bbox 272 4078 1469 4145; baseline 0.002 -17"><span class='ocrx_word' id='word_1_267' title='bbox 272 4079 359 4129; x_wconf 87' lang='lat' dir='ltr'>titulus</span> <span class='ocrx_word' id='word_1_268' title='bbox 382 4079 480 4129; x_wconf 87' lang='lat' dir='ltr'>indicat.</span> <span class='ocrx_word' id='word_1_269' title='bbox 503 4078 561 4128; x_wconf 81' lang='lat' dir='ltr'>Hine</span> <span class='ocrx_word' id='word_1_270' title='bbox 577 4081 658 4129; x_wconf 86' lang='lat' dir='ltr'>temen</span> <span class='ocrx_word' id='word_1_271' title='bbox 674 4096 746 4145; x_wconf 88' lang='lat' dir='ltr'>quam</span> <span class='ocrx_word' id='word_1_272' title='bbox 764 4080 819 4130; x_wconf 87' lang='lat' dir='ltr'>volo</span> <span class='ocrx_word' id='word_1_273' title='bbox 837 4081 938 4130; x_wconf 88' lang='lat' dir='ltr'>rationis</span> <span class='ocrx_word' id='word_1_274' title='bbox 956 4081 1096 4131; x_wconf 78' lang='lat' dir='ltr'>Trachinins</span> <span class='ocrx_word' id='word_1_275' title='bbox 1113 4079 1246 4145; x_wconf 85' lang='lat' dir='ltr'>exemplum</span> <span class='ocrx_word' id='word_1_276' title='bbox 1263 4080 1382 4145; x_wconf 82' lang='lat' dir='ltr'>quoddam</span> <span class='ocrx_word' id='word_1_277' title='bbox 1400 4096 1469 4145; x_wconf 84' lang='lat' dir='ltr'>prae·</span> 
     </span>
     <span class='ocr_line' id='line_1_35' title="bbox 274 4161 1468 4226; baseline 0.002 -16"><span class='ocrx_word' id='word_1_278' title='bbox 274 4161 337 4210; x_wconf 86' lang='lat' dir='ltr'>bont.</span> <span class='ocrx_word' id='word_1_279' title='bbox 365 4162 446 4212; x_wconf 88' lang='lat' dir='ltr'>Venus</span> <span class='ocrx_word' id='word_1_280' title='bbox 470 4161 670 4216; x_wconf 78' lang='lat' dir='ltr'>calamitosissimi</span> <span class='ocrx_word' id='word_1_281' title='bbox 696 4162 785 4213; x_wconf 76' lang='lat' dir='ltr'>amens</span> <span class='ocrx_word' id='word_1_282' title='bbox 810 4163 913 4213; x_wconf 88' lang='lat' dir='ltr'>Herculi</span> <span class='ocrx_word' id='word_1_283' title='bbox 939 4165 1021 4213; x_wconf 80' lang='lat' dir='ltr'>auctor</span> <span class='ocrx_word' id='word_1_284' title='bbox 1050 4161 1123 4212; x_wconf 85' lang='lat' dir='ltr'>fuisse</span> <span class='ocrx_word' id='word_1_285' title='bbox 1146 4161 1293 4226; x_wconf 87' lang='lat' dir='ltr'>intelligitur</span> <span class='ocrx_word' id='word_1_286' title='bbox 1310 4163 1349 4224; x_wconf 84' lang='lat' dir='ltr'>(cl.</span> <span class='ocrx_word' id='word_1_287' title='bbox 1368 4178 1389 4212; x_wconf 86' lang='lat' dir='ltr'>v.</span> <span class='ocrx_word' id='word_1_288' title='bbox 1407 4164 1468 4223; x_wconf 77' lang='lat'>441,</span> 
     </span>
     <span class='ocr_line' id='line_1_36' title="bbox 273 4243 888 4309; baseline 0.005 -17"><span class='ocrx_word' id='word_1_289' title='bbox 273 4243 322 4296; x_wconf 79' lang='grc'>497</span> <span class='ocrx_word' id='word_1_290' title='bbox 339 4248 408 4309; x_wconf 84' lang='lat' dir='ltr'>sqq.),</span> <span class='ocrx_word' id='word_1_291' title='bbox 427 4245 489 4294; x_wconf 87' lang='lat' dir='ltr'>unde</span> <span class='ocrx_word' id='word_1_292' title='bbox 505 4247 586 4294; x_wconf 88' lang='lat' dir='ltr'>tamen</span> <span class='ocrx_word' id='word_1_293' title='bbox 603 4259 672 4294; x_wconf 86' lang='lat' dir='ltr'>nemo</span> <span class='ocrx_word' id='word_1_294' title='bbox 688 4243 790 4294; x_wconf 85' lang='lat' dir='ltr'>crimina</span> <span class='ocrx_word' id='word_1_295' title='bbox 806 4245 888 4295; x_wconf 87' lang='lat' dir='ltr'>sumit.</span> 
     </span>
    </p>

    <p class='ocr_par' dir='ltr' id='par_1_10' title="bbox 306 4324 1337 4392">
     <span class='ocr_line' id='line_1_37' title="bbox 306 4324 1337 4392; baseline 0.002 -18"><span class='ocrx_word' id='word_1_296' title='bbox 306 4324 334 4391; x_wconf 73' lang='lat'>2)</span> <span class='ocrx_word' id='word_1_297' title='bbox 353 4325 408 4375; x_wconf 87' lang='lat' dir='ltr'>Vid.</span> <span class='ocrx_word' id='word_1_298' title='bbox 426 4324 525 4376; x_wconf 86' lang='lat' dir='ltr'>ultionis</span> <span class='ocrx_word' id='word_1_299' title='bbox 540 4325 641 4392; x_wconf 83' lang='lat' dir='ltr'>puerilis</span> <span class='ocrx_word' id='word_1_300' title='bbox 657 4325 772 4376; x_wconf 82' lang='lat' dir='ltr'>indicium</span> <span class='ocrx_word' id='word_1_301' title='bbox 790 4326 816 4376; x_wconf 90' lang='lat' dir='ltr'>in</span> <span class='ocrx_word' id='word_1_302' title='bbox 834 4343 856 4377; x_wconf 86' lang='lat' dir='ltr'>v.</span> <span class='ocrx_word' id='word_1_303' title='bbox 875 4329 940 4377; x_wconf 73' lang='lat'>1420</span> <span class='ocrx_word' id='word_1_304' title='bbox 957 4343 1017 4391; x_wconf 72' lang='lat' dir='ltr'>sqq,</span> <span class='ocrx_word' id='word_1_305' title='bbox 1035 4325 1076 4376; x_wconf 89' lang='lat' dir='ltr'>ubi</span> <span class='ocrx_word' id='word_1_306' title='bbox 1093 4327 1170 4377; x_wconf 84' lang='lat' dir='ltr'>Diana</span> <span class='ocrx_word' id='word_1_307' title='bbox 1187 4326 1216 4375; x_wconf 87' lang='lat' dir='ltr'>de</span> <span class='ocrx_word' id='word_1_308' title='bbox 1233 4327 1337 4377; x_wconf 85' lang='lat' dir='ltr'>Venere:</span> 
     </span>
    </p>

    <p class='ocr_par' dir='ltr' id='par_1_11' title="bbox 572 4405 1114 4638">
     <span class='ocr_line' id='line_1_38' title="bbox 577 4405 1104 4474; baseline -0.002 -16"><span class='ocrx_word' id='word_1_309' title='bbox 577 4405 885 4472; x_wconf 53' lang='lat' dir='ltr'>trecentenarium</span> <span class='ocrx_word' id='word_1_310' title='bbox 903 4405 930 4474; x_wconf 73' lang='grc' dir='ltr'>ἐξ</span> <span class='ocrx_word' id='word_1_311' title='bbox 949 4405 1011 4470; x_wconf 72' lang='grc' dir='ltr'>ἐμῆς</span> <span class='ocrx_word' id='word_1_312' title='bbox 1029 4409 1104 4472; x_wconf 76' lang='grc' dir='ltr'><strong><em>χερὸς</em></strong></span> 
     </span>
     <span class='ocr_line' id='line_1_39' title="bbox 572 4488 1114 4554; baseline -0.002 -14"><span class='ocrx_word' id='word_1_313' title='bbox 572 4488 599 4549; x_wconf 70' lang='grc' dir='ltr'>ὃς</span> <span class='ocrx_word' id='word_1_314' title='bbox 615 4489 645 4540; x_wconf 71' lang='lat' dir='ltr'>tv</span> <span class='ocrx_word' id='word_1_315' title='bbox 662 4488 780 4552; x_wconf 72' lang='grc' dir='ltr'>μάλιστα</span> <span class='ocrx_word' id='word_1_316' title='bbox 796 4491 923 4554; x_wconf 75' lang='grc' dir='ltr'>φίλτατος</span> <span class='ocrx_word' id='word_1_317' title='bbox 940 4493 998 4554; x_wconf 65' lang='grc' dir='ltr'><strong><em>καρῇ</em></strong></span> <span class='ocrx_word' id='word_1_318' title='bbox 1019 4492 1114 4552; x_wconf 71' lang='grc' dir='ltr'><strong><em>βροτῶν</em></strong></span> 
     </span>
     <span class='ocr_line' id='line_1_40' title="bbox 572 4569 1091 4638; baseline 0 -18"><span class='ocrx_word' id='word_1_319' title='bbox 572 4573 654 4638; x_wconf 71' lang='grc' dir='ltr'><strong><em>τόξοις</em></strong></span> <span class='ocrx_word' id='word_1_320' title='bbox 671 4570 793 4636; x_wconf 69' lang='grc' dir='ltr'>ἀφύκτοις</span> <span class='ocrx_word' id='word_1_321' title='bbox 811 4570 894 4631; x_wconf 62' lang='grc' dir='ltr'><strong><em>τοῖσδε</em></strong></span> <span class='ocrx_word' id='word_1_322' title='bbox 910 4569 1091 4636; x_wconf 72' lang='grc' dir='ltr'>τιμωρήσομαι.</span> 
     </span>
    </p>
   </div>
   <div class='ocr_carea' id='block_1_7' title="bbox 0 0 1721 5356">
    <p class='ocr_par' dir='ltr' id='par_1_12' title="bbox 0 0 1721 5356">
     <span class='ocr_line' id='line_1_41' title="bbox 0 0 1721 5356; baseline 0 0"><span class='ocrx_word' id='word_1_323' title='bbox 0 0 1721 5356; x_wconf 95' lang='lat' dir='ltr'> </span> 
     </span>
    </p>
   </div>
  </div>
 </body>
</html>
