3418 5356
764 491 806 555 67

186 671 297 740 talium
326 673 449 740 subitos
475 672 634 759 fulgores,
660 676 814 751 cometae,
838 672 947 738 stellas
969 675 1102 740 caducae
1125 675 1184 745 »tr
1208 671 1370 754 Εὐριπίδης

186 777 307 846 elsarn
331 782 362 844 ἐν
384 775 427 854 οἷς
452 775 555 845 εἶπεν·
581 780 595 844 θ
617 781 644 844 θ’
667 777 737 859 ἄρτι
760 803 790 845 ιι.
803 803 830 844 τ.
845 778 910 844 Μ’.

231 885 301 952 Ηοο
331 885 411 952 mihi
441 886 620 970 exemplum
654 907 721 951 esse
750 886 875 952 ,videtur
905 885 1002 952 studii
1031 885 1118 952 illius
1147 885 1213 951 late
1233 883 1374 970 patentis

186 991 290 1058 verbis
320 991 561 1077 simplicissimis
587 991 732 1057 eliciendi
755 1013 880 1057 sensum
904 993 1085 1058 abstrusum
1108 996 1141 1057 et
1162 991 1371 1058 reconditum.

188 1097 315 1185 Siquam
345 1097 403 1162 illa
428 1097 534 1183 imago
558 1097 683 1183 poetica
705 1118 771 1162 non
794 1098 896 1183 possit
917 1099 1089 1183 delectare,
1115 1097 1178 1163 nisi
1200 1094 1373 1182 mythicam

187 1203 325 1291 aliquam
360 1225 427 1269 rem
459 1203 509 1268 vel
540 1203 705 1288 physicam
735 1203 908 1290 significari
940 1204 1002 1270 eibi
1031 1205 1237 1290 persuadeat,
1268 1202 1374 1288 potius

187 1313 299 1396 putato
322 1310 507 1396 popularem
532 1310 667 1394 spectari
689 1309 870 1395 opinionem
892 1311 932 1376 ab
951 1309 1167 1395 Aristophane
1185 1309 1273 1395 (Pac.
1290 1309 1374 1395 832)

190 1421 415 1483 memoratam:
439 1414 585 1481 homines
607 1417 748 1481 mortuos
772 1415 879 1482 stellae
900 1415 980 1482 fieri.

232 1522 294 1590 Sed
324 1526 459 1609 pereant
486 1522 567 1587 istae
595 1541 717 1608 nugam
748 1545 789 1588 ne
820 1522 1016 1608 sicquidem
1040 1522 1149 1587 omnia
1170 1523 1373 1608 congruunt!

189 1628 269 1706 Quid
298 1633 461 1714 praeterea
492 1649 559 1694 esse
588 1631 695 1713 potest
722 1632 755 1693 et
776 1629 940 1694 venustius
963 1631 996 1693 et
1022 1650 1115 1693 sensu
1139 1627 1254 1692 clarius
1276 1648 1372 1712 quam

188 1736 290 1800 virum
312 1735 347 1800 in
370 1735 483 1800 aetatis
502 1734 580 1800 flore
602 1735 858 1800 exstinctum
880 1734 1059 1820 comparari
1080 1755 1152 1799 cum
1172 1733 1373 1798 stellamodo

188 1844 359 1928 apparente
388 1844 422 1906 et
452 1842 560 1906 statim
584 1843 814 1906 evanescente?
846 1841 892 1906 At
914 1839 1118 1907 Cleombroto
1141 1861 1192 1905 res
1215 1838 1374 1924 simplices

187 1947 364 2033 displicent
390 1946 504 2014 Valck.
529 1947 596 2033 (pg.
621 1947 678 2033 57)
698 1969 808 2012 versus
830 1969 926 2032 supra
947 1947 1094 2012 laudatos
1117 1950 1266 2032 spectans
1286 1949 1372 2032 apud

188 2054 274 2121 Plnt.
305 2075 365 2140 pro
395 2055 593 2138 διᾴττοντας,
625 2055 663 2126 er
690 2055 853 2132 Εὐριπίδης
877 2052 1000 2118 εἴκασεν
1024 2054 1054 2118 ἐν
1081 2049 1123 2126 οἷς
1149 2048 1234 2118 εἶτον
1256 2076 1286 2120 ιι.
1298 2077 1329 2116 τ.
1343 2067 1374 2118 λ.

188 2160 358 2245 legendnm
379 2161 548 2246 proposuit
570 2159 768 2244 διᾴττοντας,
792 2156 856 2232 οὓς
881 2156 1081 2238 κοιράνοισι
1105 2162 1121 2224 θ
1128 2166 1264 2231 νιιτοῐς
1290 2153 1374 2230 ivelc

188 2263 272 2333 eires
302 2291 373 2334 α.τ.
387 2282 437 2346 tu,
468 2269 502 2333 et
529 2289 571 2332 ue
600 2268 646 2332 sic
671 2267 798 2353 quidem
822 2269 992 2332 contentus
1013 2265 1136 2351 pergit:
1162 2287 1242 2331 »nec
1264 2265 1299 2330 in
1324 2265 1374 2330 hie

189 2374 364 2440 tamese
404 2375 446 2439 ab
480 2373 692 2460 Anaxagorae
726 2374 884 2438 sententia
916 2375 1076 2437 monstret
1102 2351 1306 2456 ¹comparatio
1341 2380 1375 2435 et

188 2482 319 2547 verbum
349 2480 523 2557 θαθοβιι.
561 2478 694 2547 Censuit
724 2479 808 2545 enim
841 2479 1052 2564 Anaxagoras
1072 2478 1142 2550 τοὺς
1167 2477 1373 2555 καλουμένους

189 2586 367 2672 διᾴττοντας
399 2588 462 2651 ἀπὸ
493 2592 546 2652 τοῦ
570 2586 684 2663 αἰθέρος
707 2587 870 2665 σπινθήρων
894 2584 977 2661 bians
999 2583 1231 2666 καταφέρεσθαι
1253 2584 1296 2651 διὸ
1320 2583 1372 2648 καὶ

189 2694 366 2772 ταραντθιια
388 2692 689 2770 ιιαταοβθνναοθαι”.

235 2800 261 2866 0
291 2801 423 2866 nimiam
455 2800 683 2878 eruditionem,
715 2820 796 2884 quae
827 2821 895 2864 non
925 2797 1073 2864 mortffia
1103 2798 1191 2884 cogis
1221 2799 1374 2883 pectora?

190 2907 323 2973 Videtur
345 2907 442 2973 etiam
464 2905 754 2993 praestantissimos
772 2906 857 2971 viros
877 2928 988 2971 sensus
1007 2904 1184 2969 communis
1203 2903 1375 2990 aliquando

191 3013 328 3080 delicere.
352 3013 449 3090 Quasi
472 3013 558 3078 enim
581 3034 693 3091 nemo,
717 3013 769 3079 cui
791 3012 885 3076 modo
907 3010 1076 3076 incolumis
1099 3011 1141 3076 sit
1160 3011 1243 3076 acies
1265 3008 1374 3075 oculo·

188 3141 274 3198 rum,
306 3123 345 3186 de
376 3120 468 3185 stella
498 3122 705 3185 evanescente
727 3139 837 3184 vocem
861 3117 957 3183 istum
979 3115 1174 3202 singularem
1197 3116 1374 3193 ιθτοοβῆναι

189 3227 288 3312 possit
310 3227 506 3311 excogitare,
532 3225 594 3290 nisi
613 3224 875 3311 philosophorum
894 3222 930 3288 in
949 3223 1059 3288 schola
1078 3225 1231 3288 educatus
1250 3241 1377 3286 eoram·

190 3355 249 3418 que
281 3333 459 3419 praeceptis
493 3333 653 3398 imbutus!
690 3331 743 3396 Me
774 3330 881 3416 judice
914 3333 1010 3415 poeta
1043 3329 1121 3394 haec
1156 3327 1264 3392 omnia
1295 3325 1378 3392 nihil

191 3443 329 3505 moratus
365 3438 465 3503 vitam
497 3438 558 3504 viri
591 3438 663 3519 ὑπὲρ
692 3432 787 3502 airas
820 3436 939 3500 mortui
970 3434 1157 3519 simpliciter
1180 3433 1379 3519 comparavit

191 3565 260 3610 cum
284 3546 450 3631 διᾴττοντι.
475 3544 509 3612 Si
531 3549 695 3631 praeterea
717 3544 797 3608 mihi
816 3542 985 3608 assenseris
1005 3539 1265 3626 conjicientibus
1284 3561 1378 3605 sena-

189 3651 251 3717 rios
281 3652 348 3718 sive
371 3674 388 3717 e
411 3651 595 3738 cognomini
625 3650 735 3717 fabula
765 3650 831 3715 sive
853 3649 981 3714 aliunde
1002 3647 1119 3731 petitos
1143 3645 1378 3712 Phaethontem

189 3756 369 3844 designare,
393 3757 450 3844 qui
473 3757 563 3823 Jovis
584 3757 667 3823 ictus
689 3755 824 3821 fulmine
847 3776 920 3820 vere
942 3752 1127 3827 ιδιοτιτθρς”
1149 3755 1199 3818 est
1216 3753 1380 3830 mortuus,

191 3862 322 3930 habebis
346 3863 617 3949 comparationem
638 3862 787 3928 omnibus
807 3859 949 3926 numeris
960 3857 1133 3945 perfectam
1146 3861 1180 3924 et
1190 3857 1379 3926 absolutam.

235 4077 390 4155 Quonim
427 4079 548 4164 egimus
579 4079 620 4142 de
656 4074 735 4142 coeli
767 4071 997 4160 phoenomenis
1027 4076 1060 4138 et
1089 4073 1128 4136 de
1158 4069 1382 4138 Valckenserii

192 4185 296 4251 dudio
323 4184 487 4271 Euripidis
518 4184 614 4249 verba
645 4182 802 4268 simplicia
831 4180 871 4245 ad
894 4177 1144 4259 μιτιινρολογιιιὸ
1166 4179 1381 4264 praeceptoris

192 4291 380 4371 monandi,
411 4289 506 4356 huius
537 4289 636 4355 studii
666 4286 833 4374 subjiciam
864 4285 952 4352 aliud
983 4284 1180 4370 exemplum,
1203 4303 1242 4348 eo
1266 4283 1382 4350 clarius

192 4397 276 4484 quod
308 4420 350 4463 ne
382 4399 510 4464 mnstat
542 4395 669 4482 quidem
694 4415 802 4460 versus
823 4391 860 4456 in
883 4411 919 4456 eo
943 4393 1097 4456 tractatos
1118 4410 1227 4455 rerem
1250 4388 1293 4454 ab
1314 4388 1382 4456 nu-

191 4503 293 4590 ripide
326 4503 518 4590 compositos
551 4523 628 4568 eme.
661 4499 756 4588 Apud
782 4497 953 4565 Stohaeum
977 4495 1076 4583 (llor.
1102 4496 1155 4572 64,
1180 4496 1239 4582 31)
1260 4499 1326 4562 tres
1348 4495 1383 4562 hi

193 4608 332 4674 citantur
362 4608 498 4674 trimetri
527 4606 645 4673 omisso
675 4604 838 4692 scriptoris
867 4602 997 4669 nomine
1021 4605 1060 4667 de
1085 4597 1239 4686 Sphingis
1260 4601 1382 4667 coloret
