3422 5362
814 697 819 707 ’
836 705 960 776 XXIII.

344 851 410 920 Oic.
435 853 474 918 de
497 851 570 918 Div.
596 853 613 918 I
640 854 692 936 18,
719 851 782 921 35:

344 973 426 1040 Utar
456 995 549 1058 ergo,
580 996 639 1040 nec
669 976 825 1055 adducar,
857 975 970 1041 autin
993 976 1073 1040 extis
1098 978 1200 1040 totam
1224 974 1387 1039 Etruriam
1414 974 1490 1040 deli·

298 1119 368 1161 rare
391 1100 447 1160 aut
470 1097 603 1162 eandem
627 1101 755 1182 gentem
779 1097 813 1162 in
837 1097 1016 1183 fulgoribus
1035 1119 1139 1163 errare
1159 1100 1216 1162 aut
1234 1095 1392 1161 fallaciter
1411 1117 1487 1181 por·

300 1220 390 1284 tenta
413 1219 627 1304 interpretari.

345 1339 424 1404 Post
452 1341 633 1406 ’adducar'
658 1343 774 1410 excidit
797 1344 932 1430 aliquid;
958 1344 1148 1428 explendum
1172 1364 1283 1409 censeo
1308 1355 1364 1408 »ut
1387 1342 1492 1419 reur”‚

300 1484 381 1546 quae
410 1462 509 1528 verba
539 1463 677 1550 ascripta
705 1465 835 1529 suntin
861 1466 1005 1550 margine
1029 1464 1123 1529 unius
1147 1465 1274 1543 codicis,
1298 1463 1354 1528 ubi
1378 1463 1491 1527 vitiose

300 1584 418 1669 legitur
441 1585 630 1651 ›adducat”.

837 1771 956 1837 xva.

345 1914 420 1980 Tac.
445 1913 564 1980 Annal.
588 1915 637 1980 XI
664 1916 722 1980 10:

344 2034 406 2111 Qui
428 2035 502 2101 dolo
526 2048 600 2101 aute
623 2037 800 2122 composito
822 2037 987 2104 incautum
1011 2037 1237 2122 venationique
1257 2036 1420 2101 intentum
1438 2036 1491 2100 in-

300 2159 466 2243 terfecere,
502 2159 638 2243 primam
660 2159 747 2224 intra
767 2161 952 2245 juventam,
976 2162 1031 2225 sed
1054 2159 1244 2224 claritudine
1267 2180 1384 2244 paucos
1408 2158 1493 2244 inter

300 2304 410 2347 senum
433 2302 565 2367 regum,
590 2282 616 2346 si
639 2281 769 2367 perinde
793 2303 931 2347 amorem
954 2283 1038 2348 inter
1061 2281 1229 2368 populares
1252 2304 1347 2366 quam
1373 2284 1492 2346 metum

299 2405 383 2489 apud
406 2404 513 2468 hostes
536 2403 751 2488 quaesivisset.

345 2525 451 2603 Inter,
476 2524 598 2609 corrige
621 2525 765 2611 »defeat

846 2707 948 2776 XXV.

345 2852 427 2917 Ibid.
438 2839 533 2916 ‘XVI
557 2851 617 2916 21:

345 2972 425 3050 Quia
455 2972 539 3036 idem
570 2970 710 3038 Thrasea
739 2973 863 3038 Patavii
895 2975 980 3040 unde
1010 2979 1099 3040 ortus
1122 2977 1190 3040 erat
1213 2975 1297 3040 ludis
1321 2975 1493 3040 cetastisa

297 3095 437 3161 Troiano
460 3093 625 3160 Antenore
647 3095 804 3161 institutis
828 3096 941 3162 habitu
965 3098 1088 3182 tragico
1112 3099 1283 3163 cecinerat.

341 3216 522 3284 ›Getastis’'
556 3221 740 3304 corruptum
772 3222 836 3297 est;
871 3219 987 3284 collato
1019 3219 1162 3285 Suetonii
1186 3220 1242 3285 vit.
1268 3217 1369 3305 Calig.
1394 3243 1420 3286 c.
1448 3222 1490 3286 20

298 3342 532 3406 emendandum
557 3345 604 3406 est
628 3343 786 3410 »aarum

838 3522 957 3591 XXVI.

345 3668 477 3745 Quintil.
501 3666 532 3733 X
557 3670 593 3753 3,
622 3669 680 3733 10:
1149 3750 1152 3757 Ι

345 3791 406 3855 Sed
437 3793 504 3855 tum
529 3790 681 3873 maxime,
707 3810 779 3854 cum
803 3788 937 3854 facultas
959 3789 1017 3854 illa
1040 3790 1228 3874 contigerit,
1252 3790 1435 3854 resistamus
1458 3795 1492 3856 et

299 3912 520 3996 provideamus
543 3917 576 3977 et
598 3911 734 3976 ferentes
758 3931 855 3995 equos
878 3910 976 3976 frenis
1000 3911 1190 3994 quibusdam
1213 3933 1421 3979 coerceamus.

267 4051 272 4063 ·
344 4034 568 4100 Scribendum:
594 4034 836 4119 »provideamus
859 4045 894 4098 ut
911 4033 1098 4119 feruentes'’.

806 4378 997 4392 —u——q
