3418 5356
893 468 935 534 68

559 653 583 718 εί
607 651 663 730 μέν
686 650 758 732 τρίς
783 652 888 730 οὐράς
913 651 1015 731 ἡλίοο,
1039 653 1201 733 χρυσωπὸν
1225 646 1258 726 ἡν

558 758 697 836 νῶτισρεα
720 755 821 837 ίιιρίι·
845 760 870 824 εί
895 757 926 824 δέ
949 758 1021 840 πρὸς
1044 758 1122 839 νέΦὴ
1145 759 1258 838 βάλοι,

420 885 423 892 ·
559 864 716 930 κνανονπίν
739 860 777 936 cie
801 889 846 936 τις
865 860 940 942 Ἶρις
965 867 1120 943 άντανρεί
1141 865 1255 949 σέλας,

321 994 400 1058 qnos
419 971 532 1037 Valclr.
553 973 620 1058 (pg.
645 972 708 1036 194
728 972 789 1057 sq.)
808 971 947 1056 conjecit
964 993 1003 1037 ex
1015 971 1177 1056 Euripidis
1190 970 1312 1056 Oedipo
1325 975 1510 1058 desumptus

321 1101 397 1144 esse.
432 1076 521 1153 Quod
556 1077 683 1161 quidem
714 1098 771 1161 per
800 1099 851 1142 me
881 1077 974 1164 lieet;
1005 1099 1115 1143 verum
1138 1099 1236 1163 qnare
1258 1101 1291 1143 se
1315 1100 1381 1144 uon
1405 1079 1511 1144 tenuit

320 1186 399 1270 quin
422 1185 460 1248 de
479 1184 672 1267 Anaxagora
691 1182 810 1268 aliquid
830 1183 1005 1268 adjiceret?
1024 1183 1175 1252 Scholion
1195 1184 1281 1249 enim
1301 1184 1454 1252 Leidense
1466 1188 1508 1250 ad

319 1292 415 1359 Hom.
439 1290 479 1355 Il.
503 1289 583 1356 XVI
607 1290 671 1355 547
695 1289 846 1375 protulit,
871 1311 934 1374 quo
956 1290 1090 1375 legitur:
1110 1289 1326 1372 ’Λναξαγίρας
1344 1289 1377 1357 δέ
1395 1299 1507 1370 Φὴσιν·

314 1397 389 1480 Ἶρις
421 1397 582 1478 νεΦέλρσιν
613 1395 806 1473 ἀντιλάμπει
837 1399 878 1476 τῷ
915 1399 999 1476 ἡλίῳ.
1032 1395 1108 1462 Non
1135 1397 1237 1482 igitur
1259 1395 1428 1482 Euripides
1451 1419 1508 1463 suo

316 1503 448 1589 ingenio
478 1524 548 1567 earn
570 1503 840 1587 comparationem
864 1502 1018 1588 Sphingis
1042 1507 1073 1568 et
1098 1524 1190 1570 arcus
1213 1502 1357 1568 coelestis
1381 1504 1508 1588 excogi-

317 1616 385 1676 tare
407 1610 536 1695 potuit?
560 1608 641 1673 Mihi
663 1609 787 1674 videtur
809 1609 951 1694 quisquis
973 1608 1036 1673 fuit
1060 1610 1189 1674 illorum
1208 1631 1356 1676 versuum
1373 1610 1509 1694 scriptor

317 1714 378 1782 hoc
406 1720 533 1782 tantum
564 1715 717 1783 voluisse:
753 1714 899 1800 sphingis
929 1720 1074 1801 tergum,
1107 1718 1204 1799 prout
1235 1715 1270 1780 in
1302 1715 1372 1781 luce
1395 1716 1510 1780 autin

317 1824 432 1888 umbra
443 1822 582 1908 positum
595 1825 693 1900 esset,
706 1821 902 1906 splenduisse
914 1822 1009 1888 variis
1021 1821 1178 1888 coloribus
1189 1870 1196 1900 ,
1209 1827 1252 1888 ut
1271 1821 1356 1887 Iris
1374 1823 1509 1888 variis
1552 1811 1554 1816 ¹

319 1930 517 2015 splendet
548 1927 786 2014 coloribus,¹
813 1927 879 1993 sive
911 1927 1056 2012 quales
1078 1927 1209 1994 habet
1231 1928 1330 2007 lris;
1356 1932 1508 2015 quemad·

318 2039 449 2101 modum
471 2033 566 2100 Hom.
591 2033 630 2098 Il.
654 2033 703 2100 XI
726 2034 784 2099 26:

454 2141 614 2208 eucissus
639 2141 678 2206 δέ
701 2139 917 2219 δράκοντες
942 2140 1131 2221 ὀρωρέχαται
1155 2142 1240 2222 προτί
1266 2141 1380 2223 δειρὴν,

454 2255 533 2327 τρεῖς
558 2247 712 2327 ἑκάτερθ’,
736 2246 886 2327 ίρισσιν
910 2248 1106 2327 έοικίτες,
1130 2243 1211 2314 άστε
1234 2249 1361 2328 Κρονίων

456 2357 485 2419 ἕν
509 2345 603 2434 νέΦεί
621 2353 764 2439 στὴριξε,
778 2401 877 2420 .....

363 2462 448 2528 Nam
467 2463 530 2528 nisi
548 2461 609 2526 hoc
628 2464 722 2526 modo
742 2461 960 2546 interpreteris
979 2460 1125 2544 liberius,
1146 2461 1226 2527 falsa
1241 2466 1290 2528 est
1303 2464 1510 2548 comparatio.

318 2569 501 2654 Numquam
533 2568 618 2633 enim
649 2589 740 2633 arcus
768 2568 887 2633 colores
917 2568 1035 2646 variat,
1068 2590 1170 2653 neque
1194 2569 1292 2634 solem
1315 2569 1367 2634 vel
1391 2570 1510 2634 nubem

319 2675 563 2759 repercutit.
589 2671 719 2758 Semper
743 2678 780 2738 ut
802 2675 955 2758 appareat
976 2673 1025 2738 sol
1045 2677 1078 2738 et
1097 2675 1197 2739 nubes
1219 2680 1410 2740 concurrant
1429 2697 1510 2761 opus
1556 2709 1558 2716 >

318 2786 367 2846 est
400 2784 433 2844 et
466 2801 590 2864 semper
620 2778 704 2843 idem
737 2785 853 2844 menet.
886 2778 954 2844 Isto
985 2801 1110 2864 quoque
1140 2779 1268 2846 Scholio
1300 2781 1510 2868 Anaxagoras

320 2884 400 2948 nihil
430 2885 511 2948 dixit
540 2884 602 2948 nisi
632 2883 712 2948 hoc:
735 2884 795 2949 Iris
817 2884 853 2949 in
876 2884 1015 2950 nubibus
1038 2907 1077 2950 ex
1101 2887 1232 2952 adverso
1256 2887 1331 2954 solis
1352 2888 1457 2974 fulget
1466 2889 1509 2977 1);

318 3012 375 3057 cur
392 2990 492 3076 igitur
511 2989 625 3056 Velclr.
646 2989 769 3056 confert
787 2992 989 3069 sententiam,
1008 3013 1090 3077 qnae
1107 2992 1189 3056 nihil
1204 2993 1292 3058 aliud
1307 2994 1400 3059 docet
1412 3017 1510 3080 quam

318 3096 351 3162 id
382 3099 468 3181 quod
492 3096 708 3182 unusquisque
731 3100 837 3181 potest
859 3097 976 3174 ridere,
1004 3098 1066 3162 nisi
1090 3120 1158 3163 eam
1184 3099 1267 3164 male
1291 3100 1509 3168 intellexerit?
1551 3089 1554 3096 ’

363 3202 397 3270 Si
415 3208 510 3288 poeta
529 3202 701 3287 imaginem
721 3202 871 3268 adhihere
889 3203 1034 3281 volebat,
1055 3226 1136 3289 quae
1157 3227 1285 3288 prorsus
1299 3212 1509 3291 congrueret,

318 3309 425 3393 potius
448 3330 535 3373 mers
554 3329 742 3393 componere
760 3309 934 3387 debuisset,
955 3310 1042 3393 qnod
1060 3314 1156 3394 prout
1174 3311 1249 3376 solis
1268 3311 1373 3376 radios
1393 3313 1510 3399 excipit

320 3418 376 3480 aut
399 3413 537 3478 nubibus
561 3413 662 3480 asole
684 3414 909 3480 intercluditur
927 3417 1088 3496 χρυσωπὸν
1109 3420 1243 3501 apparet
1260 3421 1318 3482 aut
1338 3419 1482 3486 κοανοπί
1500 3469 1509 3486 .

321 3520 377 3587 Vs.
402 3521 496 3586 tertio
521 3521 679 3606 particula
704 3545 747 3592 τις
769 3542 895 3607 quoque
914 3521 1026 3586 leviter
1045 3521 1196 3605 offendit,
1217 3527 1429 3609 quapropter,
1447 3526 1510 3592 nisi

318 3649 410 3694 arcus
437 3626 580 3693 coelestis
604 3628 799 3712 comparatio
822 3630 1058 3712 quodammodo
1082 3627 1216 3694 Homeri
1239 3632 1429 3698 auctoritate
1454 3636 1509 3698 de·

318 3733 516 3812 tenderetur,
548 3756 649 3818 paene
680 3735 856 3820 suspicarer
886 3755 944 3818 pro
970 3737 1127 3800 κοαιοπὸν
1151 3731 1194 3807 ὥς
1220 3760 1281 3809 τις
1299 3731 1374 3817 Ἶρις
1398 3739 1509 3824 legen·

319 3841 395 3914 dum
418 3863 484 3910 esse
507 3841 664 3908 κνανοπίν
687 3843 731 3912 cic
756 3843 795 3907 σί
803 3841 845 3916 δν
853 3864 912 3922 ρος
938 3842 1094 3919 άντανρεῒ
1115 3841 1220 3914 σέλας.

364 4056 487 4124 Probus
510 4058 544 4122 in
568 4055 659 4142 Virg.
685 4055 753 4122 Ecl.
777 4056 835 4122 VI.
858 4057 918 4135 31,
939 4061 976 4121 ut
993 4056 1131 4142 explicet
1149 4078 1259 4124 vocem
1282 4059 1410 4124 inane
1433 4065 1506 4126 aera

318 4163 496 4248 siguificare
514 4185 531 4230 e
549 4161 713 4247 tragoedia
731 4159 851 4228 Cadmo
870 4161 949 4228 haec
971 4163 1050 4228 citat
1072 4163 1184 4229 vitiose
1204 4165 1324 4250 scripta
1341 4164 1395 4251 (fr.
1408 4148 1506 4252 451):‘

353 4430 380 4496 1)
398 4432 603 4496 Quemadmodum
627 4431 653 4482 iu
677 4431 742 4481 Plsc.
759 4431 822 4483 Phil.
842 4433 892 4483 ΙΙΙ.
911 4436 925 4482 5
943 4435 972 4483 de
987 4433 1052 4483 Iride
1068 4434 1152 4484 dixisse
1169 4435 1262 4486 fertur:
1282 4435 1435 4487 ,ἀνάκλασιν
1454 4438 1504 4488 ἀπὸ

316 4510 402 4575 νίφονς
423 4513 514 4562 xoeos
536 4516 582 4573 τὴς
605 4512 708 4572 ἡλιακὴς
730 4515 908 4578 περιφεγγείας
925 4516 1077 4578 καταντικρὺ
1096 4513 1123 4566 δέ
1141 4519 1187 4568 vot
1208 4517 1423 4584 κατοπτρίζοντος
1439 4517 1503 4570 αὖτέ

317 4591 422 4656 ιἰσπίρος
439 4590 480 4644 δια
497 4597 590 4656 παντὸς
608 4596 736 4646 ‘lacertae
1095 4627 1099 4637 ·
