3422 5362
855 476 917 541 174

288 660 484 746 temporibus
503 662 629 746 praeter
648 658 833 743 Euripidem
858 659 944 722 solus
956 656 1147 741 Lycophron
1160 653 1303 742 sophista
1321 661 1354 721 et
1372 657 1482 720 rhetor

287 767 470 852 Gorgianus
495 765 619 830 disertis
637 765 743 830 verbis
763 764 844 828 dixit
863 763 988 847 generis
1009 763 1209 828 nobilitatem
1230 762 1332 846 specie
1351 765 1480 826 tantum
1511 803 1517 812 ι

288 871 409 958 aliquid
431 872 551 950 valere,
578 870 700 935 nobiles
719 890 794 935 vero
817 870 858 933 ab
880 849 1054 933 humilibus
1078 889 1189 952 reapse
1211 867 1293 931 nihil
1314 867 1430 932 distare
1445 865 1480 953 ¹).

289 977 390 1044 Zeller
421 980 488 1063 (pg.
524 977 624 1062 1007)
654 978 749 1060 putat
780 975 848 1039 eins
880 973 1072 1039 sententiam
1105 995 1235 1038 manare
1266 996 1286 1037 a
1308 972 1482 1059 sophistica

287 1085 434 1149 doctrina
464 1084 503 1147 de
533 1081 715 1148 discrimine
742 1081 833 1157 νόμον
857 1083 890 1145 et
912 1081 1046 1160 φύσεως.
1079 1081 1191 1145 Potuit
1214 1101 1290 1144 sane
1312 1078 1481 1164 Euripides

288 1212 325 1254 ea
358 1189 435 1266 niti,
465 1188 518 1253 sed
541 1188 648 1273 potius
673 1187 804 1252 mutatis
829 1186 946 1250 civium
972 1185 1150 1250 rationibus
1174 1185 1394 1250 ascribendum
1415 1206 1482 1249 esse

290 1295 436 1361 existimo
458 1297 543 1379 quod
567 1294 593 1359 is
616 1294 738 1378 primus
761 1297 827 1358 tam
852 1293 969 1357 diserte
992 1293 1073 1357 tales
1093 1291 1270 1356 sententias
1290 1291 1481 1356 enuntiavit.

335 1399 443 1485 Usque
467 1401 507 1464 ad
532 1404 668 1464 aetatem
693 1398 864 1463 Periclea-m
889 1398 912 1462 ii
935 1399 1035 1476 cives,
1060 1398 1115 1482 qui
1138 1399 1254 1483 genere
1276 1402 1369 1463 erant
1391 1398 1482 1483 prin·

289 1507 392 1592 cipes,
424 1507 520 1572 iidem
552 1506 687 1590 pecunia
717 1505 891 1590 plurimum
915 1504 1099 1590 pollebant,
1123 1504 1199 1588 quia
1223 1503 1308 1569 solae
1332 1525 1483 1588 agrorum

289 1612 499 1697 possessiones
521 1633 586 1676 rem
613 1610 799 1675 familiarem
820 1610 1069 1675 constituebant.
1095 1608 1261 1674 Praeterea
1284 1610 1318 1674 in
1343 1609 1482 1674 civitati·

289 1719 349 1783 bus
382 1740 492 1783 recens
523 1717 602 1782 ortis
633 1717 656 1780 ii
687 1717 770 1782 cives
794 1717 849 1801 qui
873 1715 986 1800 opibus
1010 1720 1041 1779 et
1065 1715 1211 1800 potentia
1233 1715 1350 1781 florent
1373 1737 1482 1781 revera
1559 1794 1563 1802 .

290 1824 396 1888 solent
426 1845 493 1888 esse
520 1821 654 1900 ἄριστον,
679 1822 821 1908 corporis
844 1821 1033 1886 strenuitate
1057 1821 1242 1905 ingeniique
1265 1821 1355 1886 cultu
1377 1823 1481 1887 excel·

289 1931 392 1994 lentes
407 1927 444 2016 ²).
466 1928 562 1993 Ortus
579 1927 771 2012 reipublicae
789 1926 997 1991 Atheniensis
1015 1931 1088 2010 post
1108 1928 1255 2010 expulsos
1265 1926 1484 1992 Pisistratidas

290 2035 427 2119 bellique
449 2034 567 2099 Persici
588 2034 712 2099 labores
735 2054 788 2098 eos
811 2033 1032 2117 firmaverant,
1058 2032 1191 2117 ingenia
1207 2037 1239 2098 et
1258 2054 1392 2119 corpora
1411 2055 1481 2098 cor-

289 2141 535 2218 roboraverunt,
556 2162 658 2224 neque
675 2139 857 2225 opulentia,
878 2161 960 2223 quae
979 2160 1037 2224 pro
1056 2139 1210 2223 temporis
1221 2140 1346 2204 ratione
1360 2141 1483 2204 modica

290 2250 360 2311 erat
389 2252 422 2312 et
449 2247 601 2331 simplex,
626 2268 785 2331 quamque
807 2245 938 2330 insuper
960 2246 992 2309 vi
1015 2248 1049 2309 et
1070 2244 1166 2310 armis
1189 2246 1358 2312 defendere
1381 2249 1483 2313 coacti

290 2357 399 2431 erant,
432 2354 606 2438 quidquam
639 2353 677 2417 iis
697 2353 817 2418 nocuit.
843 2351 889 2415 At
910 2355 985 2435 post
1007 2351 1225 2415 memorabilia
1249 2351 1306 2416 illa
1328 2352 1411 2417 bella
1434 2352 1480 2416 le-

290 2458 392 2523 liciter
423 2461 551 2543 peracta
581 2461 613 2522 et
639 2481 689 2523 res
712 2462 819 2543 gestas
838 2457 874 2521 in
897 2456 1009 2521 insulis
1034 2455 1161 2522 Graecis
1184 2460 1217 2521 et
1240 2456 1318 2522 Asia
1342 2458 1482 2536 minore,

289 2565 405 2649 praeda
440 2564 597 2642 hostium,
634 2563 791 2629 sociorum
826 2563 965 2641 tributa,
1000 2564 1225 2628 commercium
1258 2585 1329 2628 cum
1356 2564 1484 2648 populis

291 2668 440 2735 Asiaticis
471 2671 581 2735 omnia
611 2669 756 2734 luxuriae
786 2671 1001 2734 instrumenta
1031 2671 1234 2734 advexerant.
1260 2669 1401 2746 Quorum
1426 2673 1481 2735 de·

291 2774 372 2839 liciis
403 2798 501 2860 quum
531 2775 581 2840 vel
612 2775 752 2839 virorum
785 2777 988 2858 antiquorum
1020 2775 1170 2840 nonnulli
1203 2780 1484 2861 corrumperentur

293 2884 326 2945 et
357 2881 624 2964 depravarentur,
652 2880 740 2945 velut
762 2879 937 2944 Pausanias
951 2881 995 2966 ³),
1013 2882 1166 2966 juventus
1190 2904 1269 2967 quae
1293 2881 1399 2947 nullos
1424 2903 1484 2946 no·

292 2989 382 3050 verat
412 2986 553 3064 labores,
586 2984 692 3051 nullas
723 2987 907 3071 angustias,
939 3007 1113 3074 omnesque
1143 3010 1219 3072 opes
1242 2992 1370 3073 paretes
1391 2987 1484 3053 inve·

293 3148 476 3163 ,.....--.-.

455 3286 482 3335 ir
499 3288 578 3349 φῦλον
596 3284 722 3348 ἀνθρώπων
740 3284 779 3347 μί’
795 3283 874 3353 ’ίδειξε
891 3287 986 3350 πατρὸς
1002 3286 1043 3336 καί
1062 3289 1157 3349 ματρὸς
1172 3283 1239 3348 ἡμᾶς

456 3366 538 3431 ἁμέρα
553 3369 614 3427 τοὺς
630 3367 741 3425 πάντας·
759 3366 838 3426 οὐδεὶς
854 3366 946 3434 ’ίξοχος
963 3367 1042 3428 ἄλλος
1058 3367 1186 3431 ’ίβλαοοεν
1202 3367 1296 3430 ίίλλον,

458 3452 543 3512 βόσκει
561 3449 588 3499 δὲ
606 3451 666 3508 τοὺς
683 3450 729 3513 μὶν
746 3453 820 3514 μοῖρα
837 3449 989 3513 δνοαμερίας
1006 3452 1067 3510 τοὺς
1086 3449 1109 3500 δ’
1125 3450 1203 3513 ’ὄλβος
1221 3450 1303 3513 ἡμῶν,

455 3534 516 3591 τοὺς
534 3531 561 3582 δὲ
577 3531 692 3591 δουλείας
709 3532 788 3598 ζογδν
804 3531 884 3596 'taxer
900 3532 1020 3597 ἀνάγκας.

323 3617 373 3680 ligo
388 3621 466 3666 lamen
483 3616 566 3665 dubito
583 3633 641 3666 unm
658 3617 715 3665 haec
731 3616 766 3666 ita
782 3616 831 3666 sint
846 3616 1027 3681 interpretanda
1044 3615 1484 3679 utsiguificentomneshomineseau-

289 3700 341 3748 dem
359 3696 445 3748 hebere
462 3698 579 3761 originem
595 3698 687 3762 sibique
702 3713 770 3764 pares
783 3714 840 3747 esse.
859 3698 923 3762 Quid
938 3697 983 3746 sibi
998 3697 1051 3746 rult
1065 3697 1113 3757 μία
1126 3698 1221 3759 πατρὸς
1235 3696 1277 3746 καὶ
1292 3699 1387 3759 ματρὸς
1401 3697 1485 3760 ἁμέρα

289 3784 368 3830 totum
385 3796 459 3844 genus
475 3780 605 3829 humanum
623 3783 767 3846 procreans?
784 3780 904 3838 Bernkins
920 3779 946 3827 ἓν
961 3781 1040 3841 φίλον
1055 3779 1150 3844 scripsit
1162 3795 1206 3845 pro
1216 3776 1334 3842 ἐνφύλῳ,
1345 3782 1409 3846 quod
1419 3785 1484 3846 apud

290 3863 354 3913 Stob.
379 3863 478 3927 legitur,
504 3863 544 3911 sed
568 3863 620 3910 vide
643 3878 673 3910 ne
695 3863 752 3911 haec
775 3863 806 3911 sit
821 3878 877 3911 sana
893 3853 977 3920 lectio,
996 3862 1031 3910 ita
1049 3866 1075 3910 ut
1092 3867 1170 3912 totum
1188 3863 1272 3926 fragm.
1289 3867 1380 3928 spectet
1396 3864 1485 3913 liberos

288 3943 390 3994 alicuius
407 3944 487 3992 herois
505 3943 659 4007 mythologici
677 3945 757 4008 potius
774 3959 845 4008 quom
862 3947 941 3993 totum
958 3959 1032 4007 genus
1051 3943 1190 3992 humanum.
1214 3944 1268 3993 Hoc
1285 3948 1349 3994 certe
1366 3961 1414 3995 non
1431 3961 1486 4010 per·

289 4027 368 4092 spicue
385 4029 453 4092 patet
470 4026 598 4089 generis
615 4026 776 4076 differentiam
790 4026 904 4091 spectari;
915 4026 986 4075 sortis
997 4026 1123 4074 discrimen
1132 4030 1226 4075 tautum
1236 4027 1364 4082 clarificari
1374 4028 1484 4078 dixerim.

324 4111 350 4170 l)
372 4108 539 4159 Pseudo-Plut.
564 4109 592 4157 de
617 4106 710 4160 nobilit.
735 4109 774 4158 18.
799 4110 826 4159 βε
852 4105 942 4167 ἐκεῖνος
958 4109 1008 4170 γὰρ
1025 4113 1067 4170 (sc.
1085 4109 1239 4174 Lycophron)
1256 4109 1486 4172 ἀντιπαραβάλλων

291 4189 385 4254 ἑτέροις
407 4189 511 4255 ἀγαθοῖς
533 4187 625 4246 αὐτὴν,
649 4186 775 4252 εὐγενείας
797 4189 842 4252 μὲν
865 4185 921 4248 οὖν,
938 4189 1026 4252 φησὶν,
1043 4189 1137 4253 bourie
1155 4192 1185 4240 τὸ
1203 4189 1311 4249 κάλλος,
1328 4188 1353 4241 ἓν
1371 4194 1438 4255 λόγῳ
1458 4191 1486 4242 δί

291 4273 323 4326 τᾶ
340 4275 441 4335 σεμνὸν,
459 4271 491 4331 ὣς
508 4273 566 4334 apte
584 4269 657 4337 δόξαν
674 4266 749 4320 οὖσαν
768 4270 812 4329 τὴν
830 4272 923 4334 α’ίρεοον
941 4269 1033 4330 αὐτῆς·
1052 4273 1120 4320 κατὰ
1138 4269 1161 4320 δ’
1177 4271 1294 4329 ἀλήθειαν
1311 4270 1380 4321 obdis
1398 4271 1486 4337 διαφί-

292 4370 379 4417 ρονταε
396 4355 456 4413 τοὺς
473 4354 571 4418 ἀγενεῖς
587 4357 637 4403 τῶν
654 4351 766 4416 εἷνγενίίν.

324 4438 349 4498 2)
378 4439 526 4502 Argumento
548 4441 583 4487 est
607 4437 693 4502 duplex
715 4451 796 4486 sensus
819 4436 979 4502 plurimorum
1001 4434 1127 4487 verboram
1150 4454 1210 4502 quae
1226 4439 1319 4503 generis
1335 4439 1487 4492 nobilitatem

291 4519 411 4572 iudicant:
430 4515 532 4578 ἰοίλίς,
549 4516 663 4584 εὔγενιίς,
680 4519 804 4582 γενναῖος,
821 4535 959 4584 generosus,
976 4518 1104 4583 ingennus,
1122 4520 1185 4580 edel,
1203 4519 1272 4570 noble
1289 4524 1334 4571 cat.

323 4604 350 4669 8)
371 4603 406 4652 De
428 4601 587 4653 Themistocle
603 4602 662 4652 mibi
680 4617 765 4667 parum
781 4605 890 4652 constare
906 4602 1009 4654 videtur.
