<?xml version="1.0" encoding="UTF-8"?>
<!DOCTYPE html PUBLIC "-//W3C//DTD XHTML 1.0 Transitional//EN"
    "http://www.w3.org/TR/xhtml1/DTD/xhtml1-transitional.dtd">
<html xmlns="http://www.w3.org/1999/xhtml" xml:lang="en" lang="en">
 <head>
  <title>
</title>
<meta http-equiv="Content-Type" content="text/html;charset=utf-8" />
  <meta name='ocr-system' content='tesseract 3.04.00' />
  <meta name='ocr-capabilities' content='ocr_page ocr_carea ocr_par ocr_line ocrx_word'/>
</head>
<body>
  <div class='ocr_page' id='page_1' title='image "./commentatiodeeu00berlgoog_0072.png"; bbox 0 0 3408 5360; ppageno 0'>
   <div class='ocr_carea' id='block_1_1' title="bbox 778 451 820 516">
    <p class='ocr_par' dir='ltr' id='par_1_1' title="bbox 778 451 820 516">
     <span class='ocr_line' id='line_1_1' title="bbox 778 451 820 516; baseline 0.048 -2"><span class='ocrx_word' id='word_1_1' title='bbox 778 451 820 516; x_wconf 83' lang='grc'><strong>57</strong></span> 
     </span>
    </p>
   </div>
   <div class='ocr_carea' id='block_1_2' title="bbox 202 631 1392 1251">
    <p class='ocr_par' dir='ltr' id='par_1_2' title="bbox 202 631 1392 1135">
     <span class='ocr_line' id='line_1_2' title="bbox 204 631 1391 716; baseline -0.003 -16"><span class='ocrx_word' id='word_1_2' title='bbox 204 633 280 700; x_wconf 79' lang='lat' dir='ltr'><strong>Eur.</strong></span> <span class='ocrx_word' id='word_1_3' title='bbox 312 633 394 699; x_wconf 86' lang='lat' dir='ltr'><strong>cet&#39;’.</strong></span> <span class='ocrx_word' id='word_1_4' title='bbox 428 632 517 697; x_wconf 89' lang='lat' dir='ltr'>Idem</span> <span class='ocrx_word' id='word_1_5' title='bbox 551 631 705 716; x_wconf 79' lang='lat' dir='ltr'><strong>respicere</strong></span> <span class='ocrx_word' id='word_1_6' title='bbox 737 633 886 698; x_wconf 87' lang='lat' dir='ltr'><strong>videntur</strong></span> <span class='ocrx_word' id='word_1_7' title='bbox 907 632 1053 699; x_wconf 87' lang='lat' dir='ltr'><strong>Platonis</strong></span> <span class='ocrx_word' id='word_1_8' title='bbox 1075 631 1173 698; x_wconf 83' lang='lat' dir='ltr'><strong>verba</strong></span> <span class='ocrx_word' id='word_1_9' title='bbox 1195 635 1280 716; x_wconf 90' lang='lat' dir='ltr'><strong>apud</strong></span> <span class='ocrx_word' id='word_1_10' title='bbox 1303 632 1391 697; x_wconf 88' lang='lat' dir='ltr'><strong>Plut.</strong></span> 
     </span>
     <span class='ocr_line' id='line_1_3' title="bbox 204 737 1392 826; baseline -0.004 -19"><span class='ocrx_word' id='word_1_11' title='bbox 204 739 275 821; x_wconf 71' lang='grc' dir='ltr'><strong>Περὶ</strong></span> <span class='ocrx_word' id='word_1_12' title='bbox 308 745 360 805; x_wconf 79' lang='grc' dir='ltr'><strong><em>τοῦ</em></strong></span> <span class='ocrx_word' id='word_1_13' title='bbox 383 739 500 820; x_wconf 72' lang='grc' dir='ltr'><strong><em>πρώτον</em></strong></span> <span class='ocrx_word' id='word_1_14' title='bbox 525 743 648 820; x_wconf 77' lang='grc' dir='ltr'><strong><em>ψυχροῦ</em></strong></span> <span class='ocrx_word' id='word_1_15' title='bbox 671 739 739 824; x_wconf 85' lang='lat' dir='ltr'><strong>(pg.</strong></span> <span class='ocrx_word' id='word_1_16' title='bbox 764 739 896 826; x_wconf 78' lang='lat' dir='ltr'>954F)=</span> <span class='ocrx_word' id='word_1_17' title='bbox 922 737 1152 806; x_wconf 65' lang='lat' dir='ltr'><strong>discontraria</strong></span> <span class='ocrx_word' id='word_1_18' title='bbox 1175 739 1278 817; x_wconf 74' lang='grc' dir='ltr'><strong><em>χώραν</em></strong></span> <span class='ocrx_word' id='word_1_19' title='bbox 1303 738 1392 812; x_wconf 80' lang='grc' dir='ltr'><strong><em>μόνον</em></strong></span> 
     </span>
     <span class='ocr_line' id='line_1_4' title="bbox 202 842 1391 932; baseline -0.001 -21"><span class='ocrx_word' id='word_1_20' title='bbox 202 847 290 912; x_wconf 66' lang='grc' dir='ltr'><strong><em>ἑλλοὶ</em></strong></span> <span class='ocrx_word' id='word_1_21' title='bbox 315 846 367 911; x_wconf 76' lang='grc' dir='ltr'><strong>καὶ</strong></span> <span class='ocrx_word' id='word_1_22' title='bbox 392 848 464 911; x_wconf 79' lang='grc' dir='ltr'><strong><em>κατ’</em></strong></span> <span class='ocrx_word' id='word_1_23' title='bbox 489 845 594 911; x_wconf 77' lang='grc' dir='ltr'><strong><em>οὐσίαν</em></strong></span> <span class='ocrx_word' id='word_1_24' title='bbox 620 846 846 923; x_wconf 69' lang='grc' dir='ltr'><strong>ἀμετάβλητον</strong></span> <span class='ocrx_word' id='word_1_25' title='bbox 870 848 937 932; x_wconf 66' lang='grc' dir='ltr'><strong><em>(τὴν</em></strong></span> <span class='ocrx_word' id='word_1_26' title='bbox 961 853 1021 925; x_wconf 75' lang='grc' dir='ltr'><strong>γῆν</strong></span> <span class='ocrx_word' id='word_1_27' title='bbox 1045 846 1103 932; x_wconf 88' lang='lat' dir='ltr'><strong>sc.)</strong></span> <span class='ocrx_word' id='word_1_28' title='bbox 1127 845 1254 910; x_wconf 72' lang='grc' dir='ltr'><strong><em>Ἑστίαν</em></strong></span> <span class='ocrx_word' id='word_1_29' title='bbox 1278 842 1337 912; x_wconf 70' lang='grc' dir='ltr'><strong><em>ἅτε</em></strong></span> <span class='ocrx_word' id='word_1_30' title='bbox 1356 846 1391 921; x_wconf 66' lang='lat' dir='ltr'><strong>aa</strong></span> 
     </span>
     <span class='ocr_line' id='line_1_5' title="bbox 204 951 1392 1039; baseline -0.003 -19"><span class='ocrx_word' id='word_1_31' title='bbox 204 953 352 1030; x_wconf 67' lang='grc' dir='ltr'><strong><em>μένουσαν</em></strong></span> <span class='ocrx_word' id='word_1_32' title='bbox 378 953 408 1017; x_wconf 78' lang='grc' dir='ltr'><strong>ἒν</strong></span> <span class='ocrx_word' id='word_1_33' title='bbox 429 954 498 1018; x_wconf 74' lang='grc' dir='ltr'><strong><em>θεῶν</em></strong></span> <span class='ocrx_word' id='word_1_34' title='bbox 523 953 591 1034; x_wconf 70' lang='grc' dir='ltr'><strong>οἴκῳ</strong></span> <span class='ocrx_word' id='word_1_35' title='bbox 618 954 758 1039; x_wconf 68' lang='lat' dir='ltr'><strong>[rastra]</strong></span> <span class='ocrx_word' id='word_1_36' title='bbox 784 951 1026 1033; x_wconf 67' lang='grc' dir='ltr'><strong><em>προσηγόρευσαν</em></strong></span> <span class='ocrx_word' id='word_1_37' title='bbox 1049 954 1075 1018; x_wconf 87' lang='lat' dir='ltr'><strong>ol</strong></span> <span class='ocrx_word' id='word_1_38' title='bbox 1099 961 1248 1031; x_wconf 80' lang='grc' dir='ltr'><strong><em>ταλαῖσο,</em></strong></span> <span class='ocrx_word' id='word_1_39' title='bbox 1267 954 1316 1018; x_wconf 74' lang='grc' dir='ltr'><strong>διὰ</strong></span> <span class='ocrx_word' id='word_1_40' title='bbox 1337 953 1392 1026; x_wconf 68' lang='grc' dir='ltr'><strong><em>τὴν</em></strong></span> 
     </span>
     <span class='ocr_line' id='line_1_6' title="bbox 202 1059 513 1135; baseline -0.013 -9"><span class='ocrx_word' id='word_1_41' title='bbox 202 1059 312 1127; x_wconf 67' lang='grc' dir='ltr'><strong><em>στάσιν</em></strong></span> <span class='ocrx_word' id='word_1_42' title='bbox 337 1061 388 1125; x_wconf 72' lang='grc' dir='ltr'><strong>καὶ</strong></span> <span class='ocrx_word' id='word_1_43' title='bbox 414 1060 513 1135; x_wconf 77' lang='grc' dir='ltr'><strong><em>τῆξιν.</em></strong></span> 
     </span>
    </p>

    <p class='ocr_par' dir='ltr' id='par_1_3' title="bbox 249 1147 1391 1251">
     <span class='ocr_line' id='line_1_7' title="bbox 249 1147 1391 1251; baseline -0.002 -19"><span class='ocrx_word' id='word_1_44' title='bbox 249 1165 416 1242; x_wconf 71' lang='lat' dir='ltr'><strong>Quaeritur</strong></span> <span class='ocrx_word' id='word_1_45' title='bbox 445 1166 576 1251; x_wconf 90' lang='lat' dir='ltr'><strong>quinam</strong></span> <span class='ocrx_word' id='word_1_46' title='bbox 608 1165 675 1230; x_wconf 88' lang='lat' dir='ltr'><strong>sint</strong></span> <span class='ocrx_word' id='word_1_47' title='bbox 705 1167 731 1231; x_wconf 86' lang='lat' dir='ltr'><strong>ol</strong></span> <span class='ocrx_word' id='word_1_48' title='bbox 763 1168 850 1247; x_wconf 79' lang='grc' dir='ltr'><strong><em>σοφοὶ</em></strong></span> <span class='ocrx_word' id='word_1_49' title='bbox 884 1147 999 1247; x_wconf 79' lang='grc' dir='ltr'><strong><em>βροτῶν</em></strong></span> <span class='ocrx_word' id='word_1_50' title='bbox 1025 1166 1190 1251; x_wconf 82' lang='lat' dir='ltr'><strong>Euripidi,</strong></span> <span class='ocrx_word' id='word_1_51' title='bbox 1213 1163 1238 1230; x_wconf 89' lang='lat' dir='ltr'><strong>oi</strong></span> <span class='ocrx_word' id='word_1_52' title='bbox 1261 1173 1391 1232; x_wconf 80' lang='grc' dir='ltr'><strong><em>ταλαῖοο</em></strong></span> 
     </span>
    </p>
   </div>
   <div class='ocr_carea' id='block_1_3' title="bbox 202 1271 1401 4333">
    <p class='ocr_par' dir='ltr' id='par_1_4' title="bbox 202 1271 1396 1889">
     <span class='ocr_line' id='line_1_8' title="bbox 204 1271 1393 1358; baseline -0.003 -18"><span class='ocrx_word' id='word_1_53' title='bbox 204 1272 390 1340; x_wconf 74' lang='lat' dir='ltr'><strong>Plutarcho.</strong></span> <span class='ocrx_word' id='word_1_54' title='bbox 421 1271 533 1358; x_wconf 89' lang='lat' dir='ltr'><strong>Neque</strong></span> <span class='ocrx_word' id='word_1_55' title='bbox 563 1293 749 1356; x_wconf 88' lang='lat' dir='ltr'><strong>responsum</strong></span> <span class='ocrx_word' id='word_1_56' title='bbox 782 1277 964 1358; x_wconf 88' lang='lat' dir='ltr'><strong>promptum</strong></span> <span class='ocrx_word' id='word_1_57' title='bbox 991 1272 1230 1339; x_wconf 76' lang='lat' dir='ltr'><strong>desiderabitur.</strong></span> <span class='ocrx_word' id='word_1_58' title='bbox 1255 1271 1393 1338; x_wconf 85' lang='lat' dir='ltr'><strong>Theolo-</strong></span> 
     </span>
     <span class='ocr_line' id='line_1_9' title="bbox 203 1377 1393 1466; baseline -0.001 -22"><span class='ocrx_word' id='word_1_59' title='bbox 203 1399 344 1464; x_wconf 77' lang='lat' dir='ltr'><strong>gumena</strong></span> <span class='ocrx_word' id='word_1_60' title='bbox 366 1377 582 1443; x_wconf 87' lang='lat' dir='ltr'><strong>Arithmstica</strong></span> <span class='ocrx_word' id='word_1_61' title='bbox 606 1389 673 1463; x_wconf 81' lang='lat' dir='ltr'><strong>(pg.</strong></span> <span class='ocrx_word' id='word_1_62' title='bbox 701 1380 719 1443; x_wconf 81' lang='lat'><strong>7</strong></span> <span class='ocrx_word' id='word_1_63' title='bbox 744 1382 793 1447; x_wconf 91' lang='lat' dir='ltr'><strong>ed.</strong></span> <span class='ocrx_word' id='word_1_64' title='bbox 818 1380 891 1466; x_wconf 87' lang='lat' dir='ltr'><strong>Ast)</strong></span> <span class='ocrx_word' id='word_1_65' title='bbox 914 1379 975 1444; x_wconf 91' lang='lat' dir='ltr'><strong>boc</strong></span> <span class='ocrx_word' id='word_1_66' title='bbox 998 1379 1150 1444; x_wconf 83' lang='lat' dir='ltr'><strong>offerunt:</strong></span> <span class='ocrx_word' id='word_1_67' title='bbox 1176 1378 1228 1444; x_wconf 79' lang='lat' dir='ltr'><strong>acl</strong></span> <span class='ocrx_word' id='word_1_68' title='bbox 1250 1381 1284 1454; x_wconf 68' lang='lat' dir='ltr'><strong>lt</strong></span> <span class='ocrx_word' id='word_1_69' title='bbox 1303 1379 1393 1458; x_wconf 81' lang='grc' dir='ltr'><strong><em>Εὐρο-</em></strong></span> 
     </span>
     <span class='ocr_line' id='line_1_10' title="bbox 203 1483 1396 1565; baseline -0.001 -14"><span class='ocrx_word' id='word_1_70' title='bbox 203 1485 293 1560; x_wconf 56' lang='lat' dir='ltr'><strong>elane</strong></span> <span class='ocrx_word' id='word_1_71' title='bbox 316 1488 354 1558; x_wconf 76' lang='grc' dir='ltr'><strong>ὣς</strong></span> <span class='ocrx_word' id='word_1_72' title='bbox 379 1483 592 1565; x_wconf 73' lang='grc' dir='ltr'><strong><em>’Λνοοξαγόρσν</em></strong></span> <span class='ocrx_word' id='word_1_73' title='bbox 618 1485 780 1562; x_wconf 72' lang='grc' dir='ltr'><strong><em>γενόμενος</em></strong></span> <span class='ocrx_word' id='word_1_74' title='bbox 805 1487 945 1564; x_wconf 64' lang='grc' dir='ltr'><strong><em>μαθητὴς</em></strong></span> <span class='ocrx_word' id='word_1_75' title='bbox 967 1483 1044 1551; x_wconf 81' lang='grc' dir='ltr'><strong><em>οὕτω</em></strong></span> <span class='ocrx_word' id='word_1_76' title='bbox 1064 1494 1118 1559; x_wconf 75' lang='grc' dir='ltr'><strong>τῆς</strong></span> <span class='ocrx_word' id='word_1_77' title='bbox 1139 1493 1198 1564; x_wconf 68' lang='grc' dir='ltr'><strong>γῆς</strong></span> <span class='ocrx_word' id='word_1_78' title='bbox 1218 1485 1396 1564; x_wconf 77' lang='grc' dir='ltr'><strong><em>μέμνηται,</em></strong></span> 
     </span>
     <span class='ocr_line' id='line_1_11' title="bbox 204 1591 1394 1677; baseline 0 -20"><span class='ocrx_word' id='word_1_79' title='bbox 204 1591 334 1658; x_wconf 73' lang='grc' dir='ltr'><strong><em>Ἑστίαν</em></strong></span> <span class='ocrx_word' id='word_1_80' title='bbox 366 1617 394 1656; x_wconf 81' lang='grc' dir='ltr'><strong>κ.</strong></span> <span class='ocrx_word' id='word_1_81' title='bbox 408 1615 438 1658; x_wconf 89' lang='grc' dir='ltr'><strong><em>τ.</em></strong></span> <span class='ocrx_word' id='word_1_82' title='bbox 451 1606 482 1656; x_wconf 85' lang='grc' dir='ltr'><strong>λ.</strong></span> <span class='ocrx_word' id='word_1_83' title='bbox 507 1591 656 1676; x_wconf 76' lang='lat' dir='ltr'><strong>Suspicor</strong></span> <span class='ocrx_word' id='word_1_84' title='bbox 680 1591 740 1657; x_wconf 90' lang='lat' dir='ltr'><strong>boc</strong></span> <span class='ocrx_word' id='word_1_85' title='bbox 763 1613 884 1657; x_wconf 87' lang='lat' dir='ltr'><strong>novum</strong></span> <span class='ocrx_word' id='word_1_86' title='bbox 907 1615 973 1658; x_wconf 83' lang='lat' dir='ltr'><strong>esse</strong></span> <span class='ocrx_word' id='word_1_87' title='bbox 996 1593 1174 1677; x_wconf 82' lang='lat' dir='ltr'><strong>exemplum</strong></span> <span class='ocrx_word' id='word_1_88' title='bbox 1197 1593 1284 1657; x_wconf 90' lang='lat' dir='ltr'><strong>illius</strong></span> <span class='ocrx_word' id='word_1_89' title='bbox 1307 1617 1394 1669; x_wconf 74' lang='grc' dir='ltr'><strong><em>»μα-</em></strong></span> 
     </span>
     <span class='ocr_line' id='line_1_12' title="bbox 204 1697 1395 1785; baseline 0 -21"><span class='ocrx_word' id='word_1_90' title='bbox 204 1699 294 1770; x_wconf 77' lang='grc' dir='ltr'><strong><em>νίας”</em></strong></span> <span class='ocrx_word' id='word_1_91' title='bbox 319 1699 428 1763; x_wconf 91' lang='lat' dir='ltr'><strong>omnia</strong></span> <span class='ocrx_word' id='word_1_92' title='bbox 450 1720 531 1783; x_wconf 85' lang='lat' dir='ltr'><strong>quae</strong></span> <span class='ocrx_word' id='word_1_93' title='bbox 553 1703 649 1783; x_wconf 87' lang='lat' dir='ltr'><strong>poeta</strong></span> <span class='ocrx_word' id='word_1_94' title='bbox 673 1697 756 1761; x_wconf 86' lang='lat' dir='ltr'><strong>dixit</strong></span> <span class='ocrx_word' id='word_1_95' title='bbox 779 1702 819 1763; x_wconf 87' lang='lat' dir='ltr'><strong>ad</strong></span> <span class='ocrx_word' id='word_1_96' title='bbox 840 1700 1066 1784; x_wconf 82' lang='lat' dir='ltr'><strong>Anaxagoram</strong></span> <span class='ocrx_word' id='word_1_97' title='bbox 1087 1700 1282 1776; x_wconf 81' lang='lat' dir='ltr'><strong>revocantis,</strong></span> <span class='ocrx_word' id='word_1_98' title='bbox 1300 1721 1395 1785; x_wconf 84' lang='lat' dir='ltr'><strong>quem</strong></span> 
     </span>
     <span class='ocr_line' id='line_1_13' title="bbox 202 1805 793 1889; baseline -0.007 -18"><span class='ocrx_word' id='word_1_99' title='bbox 202 1805 280 1870; x_wconf 77' lang='lat' dir='ltr'><strong>talia</strong></span> <span class='ocrx_word' id='word_1_100' title='bbox 304 1805 446 1870; x_wconf 87' lang='lat' dir='ltr'><strong>docuisse</strong></span> <span class='ocrx_word' id='word_1_101' title='bbox 470 1825 627 1889; x_wconf 88' lang='lat' dir='ltr'><strong>nusquam</strong></span> <span class='ocrx_word' id='word_1_102' title='bbox 651 1810 793 1889; x_wconf 86' lang='lat' dir='ltr'><strong>apparet.</strong></span> 
     </span>
    </p>

    <p class='ocr_par' dir='ltr' id='par_1_5' title="bbox 202 1910 1399 2528">
     <span class='ocr_line' id='line_1_14' title="bbox 248 1910 1395 1997; baseline 0.002 -21"><span class='ocrx_word' id='word_1_103' title='bbox 248 1911 408 1977; x_wconf 89' lang='lat' dir='ltr'><strong>Prellerus</strong></span> <span class='ocrx_word' id='word_1_104' title='bbox 430 1910 470 1996; x_wconf 77' lang='grc' dir='ltr'><strong>(Ι.</strong></span> <span class='ocrx_word' id='word_1_105' title='bbox 494 1932 550 1996; x_wconf 85' lang='lat' dir='ltr'><strong>pg.</strong></span> <span class='ocrx_word' id='word_1_106' title='bbox 577 1911 641 1976; x_wconf 85' lang='lat'><strong>328</strong></span> <span class='ocrx_word' id='word_1_107' title='bbox 667 1912 729 1997; x_wconf 89' lang='lat' dir='ltr'><strong>sq.)</strong></span> <span class='ocrx_word' id='word_1_108' title='bbox 754 1916 849 1996; x_wconf 89' lang='lat' dir='ltr'><strong>putat</strong></span> <span class='ocrx_word' id='word_1_109' title='bbox 871 1913 967 1977; x_wconf 84' lang='lat' dir='ltr'><strong>etiam</strong></span> <span class='ocrx_word' id='word_1_110' title='bbox 989 1913 1132 1977; x_wconf 88' lang='lat' dir='ltr'><strong>fabulam</strong></span> <span class='ocrx_word' id='word_1_111' title='bbox 1152 1911 1285 1997; x_wconf 86' lang='lat' dir='ltr'><strong>(Hymn.</strong></span> <span class='ocrx_word' id='word_1_112' title='bbox 1298 1912 1395 1978; x_wconf 90' lang='lat' dir='ltr'><strong>Hom.</strong></span> 
     </span>
     <span class='ocr_line' id='line_1_15' title="bbox 202 2016 1396 2104; baseline 0 -22"><span class='ocrx_word' id='word_1_113' title='bbox 202 2019 236 2082; x_wconf 94' lang='lat' dir='ltr'><strong>in</strong></span> <span class='ocrx_word' id='word_1_114' title='bbox 253 2016 256 2022; x_wconf 75' lang='grc'>’</span> <span class='ocrx_word' id='word_1_115' title='bbox 273 2017 419 2101; x_wconf 90' lang='lat' dir='ltr'><strong>Aphrod.</strong></span> <span class='ocrx_word' id='word_1_116' title='bbox 454 2039 499 2082; x_wconf 86' lang='lat' dir='ltr'><strong>vs.</strong></span> <span class='ocrx_word' id='word_1_117' title='bbox 537 2017 579 2080; x_wconf 79' lang='lat'><strong>24</strong></span> <span class='ocrx_word' id='word_1_118' title='bbox 613 2019 707 2101; x_wconf 89' lang='lat' dir='ltr'><strong>sqq.),</strong></span> <span class='ocrx_word' id='word_1_119' title='bbox 740 2039 804 2102; x_wconf 89' lang='lat' dir='ltr'><strong>qua</strong></span> <span class='ocrx_word' id='word_1_120' title='bbox 827 2022 1001 2083; x_wconf 86' lang='lat' dir='ltr'><strong>narrentur</strong></span> <span class='ocrx_word' id='word_1_121' title='bbox 1027 2018 1199 2103; x_wconf 87' lang='lat' dir='ltr'><strong>Neptunus</strong></span> <span class='ocrx_word' id='word_1_122' title='bbox 1223 2023 1256 2083; x_wconf 87' lang='lat' dir='ltr'><strong>et</strong></span> <span class='ocrx_word' id='word_1_123' title='bbox 1278 2018 1396 2104; x_wconf 83' lang='lat' dir='ltr'><strong>Apollo</strong></span> 
     </span>
     <span class='ocr_line' id='line_1_16' title="bbox 205 2122 1397 2208; baseline 0.002 -20"><span class='ocrx_word' id='word_1_124' title='bbox 205 2123 336 2188; x_wconf 85' lang='lat' dir='ltr'><strong>Vestam</strong></span> <span class='ocrx_word' id='word_1_125' title='bbox 368 2124 429 2187; x_wconf 91' lang='lat' dir='ltr'><strong>sibi</strong></span> <span class='ocrx_word' id='word_1_126' title='bbox 451 2124 485 2187; x_wconf 91' lang='lat' dir='ltr'><strong>in</strong></span> <span class='ocrx_word' id='word_1_127' title='bbox 512 2122 750 2187; x_wconf 84' lang='lat' dir='ltr'><strong>matrimonium</strong></span> <span class='ocrx_word' id='word_1_128' title='bbox 774 2125 940 2207; x_wconf 85' lang='lat' dir='ltr'><strong>petivisse,</strong></span> <span class='ocrx_word' id='word_1_129' title='bbox 966 2125 1148 2208; x_wconf 81' lang='lat' dir='ltr'><strong>significare</strong></span> <span class='ocrx_word' id='word_1_130' title='bbox 1171 2147 1241 2189; x_wconf 85' lang='lat' dir='ltr'><strong>eam</strong></span> <span class='ocrx_word' id='word_1_131' title='bbox 1264 2126 1397 2190; x_wconf 86' lang='lat' dir='ltr'><strong>eandem</strong></span> 
     </span>
     <span class='ocr_line' id='line_1_17' title="bbox 204 2228 1399 2314; baseline 0 -20"><span class='ocrx_word' id='word_1_132' title='bbox 204 2251 272 2294; x_wconf 87' lang='lat' dir='ltr'><strong>esse</strong></span> <span class='ocrx_word' id='word_1_133' title='bbox 296 2250 376 2314; x_wconf 91' lang='lat' dir='ltr'><strong>quae</strong></span> <span class='ocrx_word' id='word_1_134' title='bbox 401 2232 503 2306; x_wconf 85' lang='lat' dir='ltr'><strong>terra,</strong></span> <span class='ocrx_word' id='word_1_135' title='bbox 529 2250 624 2312; x_wconf 87' lang='lat' dir='ltr'><strong>qnam</strong></span> <span class='ocrx_word' id='word_1_136' title='bbox 649 2228 767 2293; x_wconf 82' lang='lat' dir='ltr'><strong>scilicet</strong></span> <span class='ocrx_word' id='word_1_137' title='bbox 791 2230 838 2293; x_wconf 87' lang='lat' dir='ltr'><strong>sol</strong></span> <span class='ocrx_word' id='word_1_138' title='bbox 856 2259 896 2282; x_wconf 90' lang='lat'><strong><em>=</em></strong></span> <span class='ocrx_word' id='word_1_139' title='bbox 917 2230 1037 2314; x_wconf 84' lang='lat' dir='ltr'><strong>Apollo</strong></span> <span class='ocrx_word' id='word_1_140' title='bbox 1061 2230 1184 2304; x_wconf 83' lang='lat' dir='ltr'><strong>assidue</strong></span> <span class='ocrx_word' id='word_1_141' title='bbox 1205 2230 1399 2314; x_wconf 87' lang='lat' dir='ltr'><strong>conspiciat,</strong></span> 
     </span>
     <span class='ocr_line' id='line_1_18' title="bbox 202 2334 1398 2421; baseline 0.001 -21"><span class='ocrx_word' id='word_1_142' title='bbox 202 2357 290 2400; x_wconf 90' lang='lat' dir='ltr'><strong>mare</strong></span> <span class='ocrx_word' id='word_1_143' title='bbox 311 2360 352 2386; x_wconf 95' lang='lat'>=</span> <span class='ocrx_word' id='word_1_144' title='bbox 375 2334 548 2420; x_wconf 87' lang='lat' dir='ltr'><strong>Neptunus</strong></span> <span class='ocrx_word' id='word_1_145' title='bbox 579 2335 801 2419; x_wconf 83' lang='lat' dir='ltr'><strong>amplectatur.</strong></span> <span class='ocrx_word' id='word_1_146' title='bbox 833 2335 978 2419; x_wconf 80' lang='lat' dir='ltr'><strong>Eamque</strong></span> <span class='ocrx_word' id='word_1_147' title='bbox 1011 2336 1125 2401; x_wconf 89' lang='lat' dir='ltr'><strong>dehinc</strong></span> <span class='ocrx_word' id='word_1_148' title='bbox 1160 2335 1257 2421; x_wconf 81' lang='lat' dir='ltr'><strong>vulgo</strong></span> <span class='ocrx_word' id='word_1_149' title='bbox 1279 2340 1398 2401; x_wconf 85' lang='lat' dir='ltr'><strong>terram</strong></span> 
     </span>
     <span class='ocr_line' id='line_1_19' title="bbox 203 2440 1395 2528; baseline 0 -22"><span class='ocrx_word' id='word_1_150' title='bbox 203 2464 270 2507; x_wconf 71' lang='lat' dir='ltr'><strong>eme</strong></span> <span class='ocrx_word' id='word_1_151' title='bbox 289 2440 451 2518; x_wconf 87' lang='lat' dir='ltr'><strong>habitam,</strong></span> <span class='ocrx_word' id='word_1_152' title='bbox 471 2440 628 2525; x_wconf 91' lang='lat' dir='ltr'><strong>imprimis</strong></span> <span class='ocrx_word' id='word_1_153' title='bbox 649 2463 668 2504; x_wconf 87' lang='lat' dir='ltr'><strong>a</strong></span> <span class='ocrx_word' id='word_1_154' title='bbox 688 2440 887 2526; x_wconf 88' lang='lat' dir='ltr'><strong>pbilosophis</strong></span> <span class='ocrx_word' id='word_1_155' title='bbox 906 2442 1074 2526; x_wconf 79' lang='lat' dir='ltr'><strong>postisque</strong></span> <span class='ocrx_word' id='word_1_156' title='bbox 1085 2441 1395 2528; x_wconf 88' lang='lat' dir='ltr'><strong>philosophantibus.</strong></span> 
     </span>
    </p>

    <p class='ocr_par' dir='ltr' id='par_1_6' title="bbox 205 2547 1398 2740">
     <span class='ocr_line' id='line_1_20' title="bbox 248 2547 1398 2633; baseline -0.001 -19"><span class='ocrx_word' id='word_1_157' title='bbox 248 2547 353 2614; x_wconf 88' lang='lat' dir='ltr'><strong>Huius</strong></span> <span class='ocrx_word' id='word_1_158' title='bbox 375 2552 483 2612; x_wconf 88' lang='lat' dir='ltr'><strong>tamen</strong></span> <span class='ocrx_word' id='word_1_159' title='bbox 508 2547 555 2612; x_wconf 88' lang='lat' dir='ltr'><strong>rei</strong></span> <span class='ocrx_word' id='word_1_160' title='bbox 579 2547 705 2612; x_wconf 88' lang='lat' dir='ltr'><strong>nullum</strong></span> <span class='ocrx_word' id='word_1_161' title='bbox 729 2551 842 2613; x_wconf 82' lang='lat' dir='ltr'><strong>testem</strong></span> <span class='ocrx_word' id='word_1_162' title='bbox 861 2548 1016 2632; x_wconf 83' lang='lat' dir='ltr'><strong>Euripide</strong></span> <span class='ocrx_word' id='word_1_163' title='bbox 1035 2548 1173 2633; x_wconf 88' lang='lat' dir='ltr'><strong>priorem</strong></span> <span class='ocrx_word' id='word_1_164' title='bbox 1185 2549 1281 2626; x_wconf 89' lang='lat' dir='ltr'><strong>citat,</strong></span> <span class='ocrx_word' id='word_1_165' title='bbox 1295 2570 1398 2633; x_wconf 91' lang='lat' dir='ltr'><strong>neque</strong></span> 
     </span>
     <span class='ocr_line' id='line_1_21' title="bbox 205 2654 1252 2740; baseline 0.003 -22"><span class='ocrx_word' id='word_1_166' title='bbox 205 2655 282 2720; x_wconf 86' lang='lat' dir='ltr'><strong>satis</strong></span> <span class='ocrx_word' id='word_1_167' title='bbox 304 2654 444 2740; x_wconf 86' lang='lat' dir='ltr'><strong>explicat</strong></span> <span class='ocrx_word' id='word_1_168' title='bbox 465 2676 529 2739; x_wconf 87' lang='lat' dir='ltr'><strong>qna</strong></span> <span class='ocrx_word' id='word_1_169' title='bbox 551 2654 677 2718; x_wconf 89' lang='lat' dir='ltr'><strong>ratione</strong></span> <span class='ocrx_word' id='word_1_170' title='bbox 701 2676 772 2718; x_wconf 87' lang='lat' dir='ltr'><strong>cum</strong></span> <span class='ocrx_word' id='word_1_171' title='bbox 795 2658 880 2719; x_wconf 87' lang='lat' dir='ltr'><strong>terra</strong></span> <span class='ocrx_word' id='word_1_172' title='bbox 904 2655 1081 2738; x_wconf 87' lang='lat' dir='ltr'><strong>permutari</strong></span> <span class='ocrx_word' id='word_1_173' title='bbox 1104 2655 1252 2740; x_wconf 84' lang='lat' dir='ltr'><strong>coeperit</strong></span> 
     </span>
    </p>

    <p class='ocr_par' dir='ltr' id='par_1_7' title="bbox 206 2758 1400 2952">
     <span class='ocr_line' id='line_1_22' title="bbox 250 2758 1400 2845; baseline 0.003 -21"><span class='ocrx_word' id='word_1_174' title='bbox 250 2759 301 2826; x_wconf 85' lang='lat' dir='ltr'><strong>lle</strong></span> <span class='ocrx_word' id='word_1_175' title='bbox 321 2760 429 2843; x_wconf 88' lang='lat' dir='ltr'><strong>judice</strong></span> <span class='ocrx_word' id='word_1_176' title='bbox 450 2758 548 2824; x_wconf 84' lang='lat' dir='ltr'><strong>Vesta</strong></span> <span class='ocrx_word' id='word_1_177' title='bbox 567 2758 663 2824; x_wconf 90' lang='lat' dir='ltr'><strong>initio</strong></span> <span class='ocrx_word' id='word_1_178' title='bbox 683 2759 763 2837; x_wconf 86' lang='lat' dir='ltr'><strong>fuit,</strong></span> <span class='ocrx_word' id='word_1_179' title='bbox 776 2782 857 2844; x_wconf 87' lang='lat' dir='ltr'><strong>qnae</strong></span> <span class='ocrx_word' id='word_1_180' title='bbox 869 2782 993 2845; x_wconf 89' lang='lat' dir='ltr'><strong>semper</strong></span> <span class='ocrx_word' id='word_1_181' title='bbox 1005 2761 1135 2839; x_wconf 90' lang='lat' dir='ltr'><strong>mansit,</strong></span> <span class='ocrx_word' id='word_1_182' title='bbox 1147 2762 1209 2827; x_wconf 85' lang='lat' dir='ltr'><strong>foci</strong></span> <span class='ocrx_word' id='word_1_183' title='bbox 1222 2763 1289 2827; x_wconf 89' lang='lat' dir='ltr'><strong>dea.</strong></span> <span class='ocrx_word' id='word_1_184' title='bbox 1315 2759 1400 2837; x_wconf 84' lang='lat' dir='ltr'><strong>Qua·</strong></span> 
     </span>
     <span class='ocr_line' id='line_1_23' title="bbox 206 2864 879 2952; baseline -0.003 -19"><span class='ocrx_word' id='word_1_185' title='bbox 206 2869 335 2952; x_wconf 87' lang='lat' dir='ltr'><strong>propter</strong></span> <span class='ocrx_word' id='word_1_186' title='bbox 357 2865 494 2952; x_wconf 81' lang='lat' dir='ltr'><strong>(Hymn.</strong></span> <span class='ocrx_word' id='word_1_187' title='bbox 520 2864 555 2929; x_wconf 93' lang='lat' dir='ltr'><strong>in</strong></span> <span class='ocrx_word' id='word_1_188' title='bbox 581 2864 724 2949; x_wconf 87' lang='lat' dir='ltr'><strong>Aphrod.</strong></span> <span class='ocrx_word' id='word_1_189' title='bbox 750 2887 797 2930; x_wconf 88' lang='lat' dir='ltr'><strong>vs.</strong></span> <span class='ocrx_word' id='word_1_190' title='bbox 823 2868 879 2948; x_wconf 78' lang='lat'><strong>29)</strong></span> 
     </span>
    </p>

    <p class='ocr_par' dir='ltr' id='par_1_8' title="bbox 384 2971 1231 3159">
     <span class='ocr_line' id='line_1_24' title="bbox 384 2971 1188 3054; baseline 0.002 -18"><span class='ocrx_word' id='word_1_191' title='bbox 384 2971 459 3054; x_wconf 69' lang='grc' dir='ltr'><strong><em>τῇδε</em></strong></span> <span class='ocrx_word' id='word_1_192' title='bbox 482 2974 585 3049; x_wconf 69' lang='grc' dir='ltr'><strong><em>πατὴρ</em></strong></span> <span class='ocrx_word' id='word_1_193' title='bbox 609 2971 699 3036; x_wconf 77' lang='grc' dir='ltr'><strong><em>δῶκεν</em></strong></span> <span class='ocrx_word' id='word_1_194' title='bbox 725 2977 820 3036; x_wconf 79' lang='grc' dir='ltr'><strong><em>καλὸν</em></strong></span> <span class='ocrx_word' id='word_1_195' title='bbox 840 2972 937 3054; x_wconf 68' lang='grc' dir='ltr'><strong><em>γέρας</em></strong></span> <span class='ocrx_word' id='word_1_196' title='bbox 962 2973 1031 3038; x_wconf 69' lang='grc' dir='ltr'><strong><em>ἀντὶ</em></strong></span> <span class='ocrx_word' id='word_1_197' title='bbox 1056 2981 1188 3051; x_wconf 66' lang='lat' dir='ltr'><strong>paucio,</strong></span> 
     </span>
     <span class='ocr_line' id='line_1_25' title="bbox 385 3076 1231 3159; baseline 0.001 -17"><span class='ocrx_word' id='word_1_198' title='bbox 385 3079 441 3142; x_wconf 74' lang='lat' dir='ltr'><strong>aa!</strong></span> <span class='ocrx_word' id='word_1_199' title='bbox 464 3102 499 3142; x_wconf 88' lang='grc' dir='ltr'><strong><em>τε</em></strong></span> <span class='ocrx_word' id='word_1_200' title='bbox 523 3076 613 3157; x_wconf 74' lang='grc' dir='ltr'><strong><em>μέσφ’</em></strong></span> <span class='ocrx_word' id='word_1_201' title='bbox 631 3078 699 3159; x_wconf 71' lang='grc' dir='ltr'><strong><em>οἴνῳ</em></strong></span> <span class='ocrx_word' id='word_1_202' title='bbox 725 3077 798 3143; x_wconf 85' lang='grc' dir='ltr'><strong><em>κατ’</em></strong></span> <span class='ocrx_word' id='word_1_203' title='bbox 824 3077 873 3156; x_wconf 72' lang='grc' dir='ltr'><strong>ἄρ’</strong></span> <span class='ocrx_word' id='word_1_204' title='bbox 898 3077 983 3159; x_wconf 78' lang='grc' dir='ltr'><strong><em>ἕζετο</em></strong></span> <span class='ocrx_word' id='word_1_205' title='bbox 1006 3087 1082 3156; x_wconf 79' lang='grc' dir='ltr'><strong><em>πῖαρ</em></strong></span> <span class='ocrx_word' id='word_1_206' title='bbox 1106 3078 1231 3144; x_wconf 76' lang='grc' dir='ltr'><strong><em>ἑλοῦσα.</em></strong></span> 
     </span>
    </p>

    <p class='ocr_par' dir='ltr' id='par_1_9' title="bbox 207 3185 1401 4333">
     <span class='ocr_line' id='line_1_26' title="bbox 250 3185 1401 3264; baseline -0.003 -13"><span class='ocrx_word' id='word_1_207' title='bbox 250 3185 351 3251; x_wconf 85' lang='lat' dir='ltr'><strong>Focus</strong></span> <span class='ocrx_word' id='word_1_208' title='bbox 383 3185 468 3250; x_wconf 88' lang='lat' dir='ltr'><strong>enim</strong></span> <span class='ocrx_word' id='word_1_209' title='bbox 492 3189 562 3249; x_wconf 88' lang='lat' dir='ltr'><strong>erat</strong></span> <span class='ocrx_word' id='word_1_210' title='bbox 585 3185 706 3250; x_wconf 86' lang='lat' dir='ltr'><strong>madius</strong></span> <span class='ocrx_word' id='word_1_211' title='bbox 730 3185 856 3250; x_wconf 87' lang='lat' dir='ltr'><strong>aedium</strong></span> <span class='ocrx_word' id='word_1_212' title='bbox 881 3186 987 3264; x_wconf 87' lang='lat' dir='ltr'><strong>locus,</strong></span> <span class='ocrx_word' id='word_1_213' title='bbox 1011 3186 1067 3250; x_wconf 90' lang='lat' dir='ltr'><strong>nbi</strong></span> <span class='ocrx_word' id='word_1_214' title='bbox 1091 3207 1180 3251; x_wconf 88' lang='lat' dir='ltr'><strong>sacra</strong></span> <span class='ocrx_word' id='word_1_215' title='bbox 1203 3185 1342 3263; x_wconf 81' lang='lat' dir='ltr'><strong>fiebant,</strong></span> <span class='ocrx_word' id='word_1_216' title='bbox 1367 3189 1401 3251; x_wconf 91' lang='lat' dir='ltr'><strong>et</strong></span> 
     </span>
     <span class='ocr_line' id='line_1_27' title="bbox 207 3290 1401 3377; baseline 0.001 -21"><span class='ocrx_word' id='word_1_217' title='bbox 207 3313 268 3377; x_wconf 91' lang='lat' dir='ltr'><strong>quo</strong></span> <span class='ocrx_word' id='word_1_218' title='bbox 300 3291 336 3356; x_wconf 87' lang='lat' dir='ltr'><strong>in</strong></span> <span class='ocrx_word' id='word_1_219' title='bbox 358 3291 454 3356; x_wconf 87' lang='lat' dir='ltr'><strong>rebus</strong></span> <span class='ocrx_word' id='word_1_220' title='bbox 478 3290 674 3356; x_wconf 86' lang='lat' dir='ltr'><strong>solemnibus</strong></span> <span class='ocrx_word' id='word_1_221' title='bbox 698 3295 768 3355; x_wconf 89' lang='lat' dir='ltr'><strong>tota</strong></span> <span class='ocrx_word' id='word_1_222' title='bbox 790 3290 914 3356; x_wconf 86' lang='lat' dir='ltr'><strong>familia</strong></span> <span class='ocrx_word' id='word_1_223' title='bbox 938 3291 1108 3357; x_wconf 83' lang='lat' dir='ltr'><strong>convenire</strong></span> <span class='ocrx_word' id='word_1_224' title='bbox 1131 3291 1270 3368; x_wconf 86' lang='lat' dir='ltr'><strong>solebat,</strong></span> <span class='ocrx_word' id='word_1_225' title='bbox 1293 3291 1401 3376; x_wconf 85' lang='lat' dir='ltr'><strong>itaque</strong></span> 
     </span>
     <span class='ocr_line' id='line_1_28' title="bbox 207 3397 1399 3484; baseline 0.003 -21"><span class='ocrx_word' id='word_1_226' title='bbox 207 3398 307 3463; x_wconf 82' lang='lat' dir='ltr'><strong>evasit</strong></span> <span class='ocrx_word' id='word_1_227' title='bbox 348 3397 527 3483; x_wconf 80' lang='lat' dir='ltr'><strong>symbolum</strong></span> <span class='ocrx_word' id='word_1_228' title='bbox 572 3397 670 3462; x_wconf 89' lang='lat' dir='ltr'><strong>totius</strong></span> <span class='ocrx_word' id='word_1_229' title='bbox 707 3400 819 3462; x_wconf 90' lang='lat' dir='ltr'><strong>domus</strong></span> <span class='ocrx_word' id='word_1_230' title='bbox 834 3398 857 3480; x_wconf 87' lang='lat'><strong>¹)</strong></span> <span class='ocrx_word' id='word_1_231' title='bbox 893 3397 1120 3482; x_wconf 88' lang='lat' dir='ltr'><strong>familiarisque</strong></span> <span class='ocrx_word' id='word_1_232' title='bbox 1154 3399 1399 3484; x_wconf 89' lang='lat' dir='ltr'><strong>conjunctionis.</strong></span> 
     </span>
     <span class='ocr_line' id='line_1_29' title="bbox 208 3503 1401 3588; baseline -0.002 -18"><span class='ocrx_word' id='word_1_233' title='bbox 208 3503 347 3570; x_wconf 82' lang='lat' dir='ltr'><strong>Societas</strong></span> <span class='ocrx_word' id='word_1_234' title='bbox 371 3504 513 3568; x_wconf 88' lang='lat' dir='ltr'><strong>bumana</strong></span> <span class='ocrx_word' id='word_1_235' title='bbox 537 3524 656 3588; x_wconf 82' lang='lat' dir='ltr'><strong>magna</strong></span> <span class='ocrx_word' id='word_1_236' title='bbox 679 3525 746 3568; x_wconf 83' lang='lat' dir='ltr'><strong>esso</strong></span> <span class='ocrx_word' id='word_1_237' title='bbox 768 3503 891 3568; x_wconf 87' lang='lat' dir='ltr'><strong>familia</strong></span> <span class='ocrx_word' id='word_1_238' title='bbox 914 3503 1110 3588; x_wconf 86' lang='lat' dir='ltr'><strong>habebatur,</strong></span> <span class='ocrx_word' id='word_1_239' title='bbox 1129 3503 1332 3588; x_wconf 84' lang='lat' dir='ltr'><strong>quo⁰factum</strong></span> <span class='ocrx_word' id='word_1_240' title='bbox 1351 3507 1401 3570; x_wconf 87' lang='lat' dir='ltr'><strong>est</strong></span> 
     </span>
     <span class='ocr_line' id='line_1_30' title="bbox 209 3609 1399 3696; baseline 0.001 -22"><span class='ocrx_word' id='word_1_241' title='bbox 209 3613 245 3674; x_wconf 91' lang='lat' dir='ltr'><strong>nt</strong></span> <span class='ocrx_word' id='word_1_242' title='bbox 266 3611 412 3675; x_wconf 87' lang='lat' dir='ltr'><strong>civitates</strong></span> <span class='ocrx_word' id='word_1_243' title='bbox 435 3632 561 3696; x_wconf 80' lang='lat' dir='ltr'><strong>quoquo</strong></span> <span class='ocrx_word' id='word_1_244' title='bbox 585 3631 677 3674; x_wconf 92' lang='lat' dir='ltr'><strong>sunm</strong></span> <span class='ocrx_word' id='word_1_245' title='bbox 702 3609 859 3674; x_wconf 88' lang='lat' dir='ltr'><strong>baberent</strong></span> <span class='ocrx_word' id='word_1_246' title='bbox 881 3610 1008 3687; x_wconf 86' lang='lat' dir='ltr'><strong>focum,</strong></span> <span class='ocrx_word' id='word_1_247' title='bbox 1031 3610 1086 3695; x_wconf 89' lang='lat' dir='ltr'><strong>qui</strong></span> <span class='ocrx_word' id='word_1_248' title='bbox 1106 3613 1215 3676; x_wconf 89' lang='lat' dir='ltr'><strong>eodem</strong></span> <span class='ocrx_word' id='word_1_249' title='bbox 1235 3611 1305 3675; x_wconf 91' lang='lat' dir='ltr'><strong>loco</strong></span> <span class='ocrx_word' id='word_1_250' title='bbox 1317 3632 1399 3675; x_wconf 90' lang='lat' dir='ltr'><strong>sem·</strong></span> 
     </span>
     <span class='ocr_line' id='line_1_31' title="bbox 211 3715 1400 3802; baseline 0 -20"><span class='ocrx_word' id='word_1_251' title='bbox 211 3739 265 3802; x_wconf 82' lang='lat' dir='ltr'><strong>per</strong></span> <span class='ocrx_word' id='word_1_252' title='bbox 287 3717 497 3782; x_wconf 85' lang='lat' dir='ltr'><strong>sustineretur</strong></span> <span class='ocrx_word' id='word_1_253' title='bbox 521 3739 706 3802; x_wconf 88' lang='lat' dir='ltr'><strong>summaque</strong></span> <span class='ocrx_word' id='word_1_254' title='bbox 730 3717 933 3782; x_wconf 86' lang='lat' dir='ltr'><strong>veneratione</strong></span> <span class='ocrx_word' id='word_1_255' title='bbox 956 3716 1122 3784; x_wconf 88' lang='lat' dir='ltr'><strong>coleretur.</strong></span> <span class='ocrx_word' id='word_1_256' title='bbox 1146 3715 1198 3782; x_wconf 84' lang='lat' dir='ltr'><strong>Sic</strong></span> <span class='ocrx_word' id='word_1_257' title='bbox 1220 3717 1309 3782; x_wconf 85' lang='lat' dir='ltr'><strong>focus</strong></span> <span class='ocrx_word' id='word_1_258' title='bbox 1331 3721 1400 3782; x_wconf 85' lang='lat' dir='ltr'><strong>erat</strong></span> 
     </span>
     <span class='ocr_line' id='line_1_32' title="bbox 211 3821 1401 3908; baseline 0.002 -22"><span class='ocrx_word' id='word_1_259' title='bbox 211 3823 298 3887; x_wconf 83' lang='lat' dir='ltr'><strong>velut</strong></span> <span class='ocrx_word' id='word_1_260' title='bbox 320 3823 409 3888; x_wconf 88' lang='lat' dir='ltr'><strong>sedes</strong></span> <span class='ocrx_word' id='word_1_261' title='bbox 432 3823 555 3888; x_wconf 83' lang='lat' dir='ltr'><strong>stabilis</strong></span> <span class='ocrx_word' id='word_1_262' title='bbox 579 3823 791 3906; x_wconf 88' lang='lat' dir='ltr'><strong>omnibusque</strong></span> <span class='ocrx_word' id='word_1_263' title='bbox 813 3823 1000 3887; x_wconf 88' lang='lat' dir='ltr'><strong>communis.</strong></span> <span class='ocrx_word' id='word_1_264' title='bbox 1024 3821 1095 3888; x_wconf 85' lang='lat' dir='ltr'><strong>Hac</strong></span> <span class='ocrx_word' id='word_1_265' title='bbox 1115 3823 1240 3887; x_wconf 90' lang='lat' dir='ltr'><strong>ratione</strong></span> <span class='ocrx_word' id='word_1_266' title='bbox 1258 3823 1401 3908; x_wconf 87' lang='lat' dir='ltr'><strong>suspicor</strong></span> 
     </span>
     <span class='ocr_line' id='line_1_33' title="bbox 211 3927 1400 4013; baseline 0.003 -21"><span class='ocrx_word' id='word_1_267' title='bbox 211 3937 272 4001; x_wconf 79' lang='grc' dir='ltr'><strong><em>τοῖς</em></strong></span> <span class='ocrx_word' id='word_1_268' title='bbox 295 3936 400 4009; x_wconf 78' lang='grc' dir='ltr'><strong><em>σοφοῖς</em></strong></span> <span class='ocrx_word' id='word_1_269' title='bbox 421 3930 552 4012; x_wconf 81' lang='grc' dir='ltr'><strong><em>βροτῶν,</em></strong></span> <span class='ocrx_word' id='word_1_270' title='bbox 575 3949 655 4013; x_wconf 92' lang='lat' dir='ltr'><strong>quos</strong></span> <span class='ocrx_word' id='word_1_271' title='bbox 672 3930 774 4013; x_wconf 87' lang='lat' dir='ltr'><strong>jactat</strong></span> <span class='ocrx_word' id='word_1_272' title='bbox 794 3927 974 4013; x_wconf 83' lang='lat' dir='ltr'><strong>Euripides,</strong></span> <span class='ocrx_word' id='word_1_273' title='bbox 993 3951 1091 4013; x_wconf 89' lang='lat' dir='ltr'><strong>quum</strong></span> <span class='ocrx_word' id='word_1_274' title='bbox 1116 3931 1218 3993; x_wconf 90' lang='lat' dir='ltr'><strong>totum</strong></span> <span class='ocrx_word' id='word_1_275' title='bbox 1244 3932 1400 3995; x_wconf 88' lang='lat' dir='ltr'><strong>mundum</strong></span> 
     </span>
     <span class='ocr_line' id='line_1_34' title="bbox 212 4033 1399 4120; baseline 0.003 -21"><span class='ocrx_word' id='word_1_276' title='bbox 212 4057 275 4100; x_wconf 87' lang='lat' dir='ltr'><strong>una</strong></span> <span class='ocrx_word' id='word_1_277' title='bbox 309 4035 517 4120; x_wconf 81' lang='lat' dir='ltr'><strong>contemplari</strong></span> <span class='ocrx_word' id='word_1_278' title='bbox 547 4034 746 4118; x_wconf 87' lang='lat' dir='ltr'><strong>coepissent,</strong></span> <span class='ocrx_word' id='word_1_279' title='bbox 777 4038 912 4112; x_wconf 87' lang='lat' dir='ltr'><strong>terram,</strong></span> <span class='ocrx_word' id='word_1_280' title='bbox 933 4036 1056 4099; x_wconf 71' lang='grc' dir='ltr'><strong><em>πάντων</em></strong></span> <span class='ocrx_word' id='word_1_281' title='bbox 1079 4033 1142 4106; x_wconf 76' lang='grc' dir='ltr'><strong>ἕδος</strong></span> <span class='ocrx_word' id='word_1_282' title='bbox 1168 4037 1315 4113; x_wconf 71' lang='grc' dir='ltr'><strong>ἀσφαλὲς</strong></span> <span class='ocrx_word' id='word_1_283' title='bbox 1339 4037 1399 4102; x_wconf 77' lang='grc' dir='ltr'><strong>οἷοὶ</strong></span> 
     </span>
     <span class='ocr_line' id='line_1_35' title="bbox 211 4139 1400 4227; baseline 0.003 -23"><span class='ocrx_word' id='word_1_284' title='bbox 211 4145 338 4205; x_wconf 86' lang='lat' dir='ltr'><strong>auctore</strong></span> <span class='ocrx_word' id='word_1_285' title='bbox 367 4140 507 4206; x_wconf 90' lang='lat' dir='ltr'><strong>Hesiodo</strong></span> <span class='ocrx_word' id='word_1_286' title='bbox 533 4141 667 4227; x_wconf 69' lang='lat' dir='ltr'><strong>(Thmg.</strong></span> <span class='ocrx_word' id='word_1_287' title='bbox 704 4141 793 4224; x_wconf 76' lang='lat'><strong>117),</strong></span> <span class='ocrx_word' id='word_1_288' title='bbox 824 4139 912 4217; x_wconf 69' lang='grc' dir='ltr'><strong><em>ξονὶρν</em></strong></span> <span class='ocrx_word' id='word_1_289' title='bbox 937 4143 1060 4206; x_wconf 71' lang='grc' dir='ltr'><strong><em>πάντων</em></strong></span> <span class='ocrx_word' id='word_1_290' title='bbox 1083 4143 1153 4206; x_wconf 79' lang='grc' dir='ltr'><strong><em>θεῶν</em></strong></span> <span class='ocrx_word' id='word_1_291' title='bbox 1177 4143 1306 4208; x_wconf 88' lang='lat' dir='ltr'><strong>anctore</strong></span> <span class='ocrx_word' id='word_1_292' title='bbox 1330 4142 1400 4208; x_wconf 89' lang='lat' dir='ltr'><strong>Ho-</strong></span> 
     </span>
     <span class='ocr_line' id='line_1_36' title="bbox 213 4246 1401 4333; baseline 0.005 -23"><span class='ocrx_word' id='word_1_293' title='bbox 213 4267 297 4310; x_wconf 86' lang='lat' dir='ltr'><strong>mero</strong></span> <span class='ocrx_word' id='word_1_294' title='bbox 330 4246 380 4331; x_wconf 91' lang='lat' dir='ltr'><strong>(ll.</strong></span> <span class='ocrx_word' id='word_1_295' title='bbox 413 4246 486 4312; x_wconf 86' lang='lat' dir='ltr'><strong>XV.</strong></span> <span class='ocrx_word' id='word_1_296' title='bbox 514 4248 592 4333; x_wconf 84' lang='lat'><strong>193)</strong></span> <span class='ocrx_word' id='word_1_297' title='bbox 616 4246 716 4312; x_wconf 87' lang='lat' dir='ltr'><strong>visam</strong></span> <span class='ocrx_word' id='word_1_298' title='bbox 741 4267 808 4310; x_wconf 88' lang='lat' dir='ltr'><strong>esse</strong></span> <span class='ocrx_word' id='word_1_299' title='bbox 831 4247 936 4312; x_wconf 86' lang='lat' dir='ltr'><strong>sedem</strong></span> <span class='ocrx_word' id='word_1_300' title='bbox 958 4247 1047 4312; x_wconf 89' lang='lat' dir='ltr'><strong>illam</strong></span> <span class='ocrx_word' id='word_1_301' title='bbox 1070 4247 1226 4326; x_wconf 87' lang='lat' dir='ltr'><strong>mediam,</strong></span> <span class='ocrx_word' id='word_1_302' title='bbox 1249 4247 1401 4316; x_wconf 82' lang='lat' dir='ltr'><strong>immuta·</strong></span> 
     </span>
    </p>
   </div>
   <div class='ocr_carea' id='block_1_4' title="bbox 214 4510 1398 4662">
    <p class='ocr_par' dir='ltr' id='par_1_10' title="bbox 214 4510 1398 4662">
     <span class='ocr_line' id='line_1_37' title="bbox 249 4510 1398 4578; baseline -0.012 -3"><span class='ocrx_word' id='word_1_303' title='bbox 249 4510 275 4575; x_wconf 83' lang='grc'><strong>1)</strong></span> <span class='ocrx_word' id='word_1_304' title='bbox 293 4512 375 4576; x_wconf 68' lang='lat' dir='ltr'><strong>llm</strong></span> <span class='ocrx_word' id='word_1_305' title='bbox 397 4526 492 4577; x_wconf 77' lang='lat' dir='ltr'><strong>quoque</strong></span> <span class='ocrx_word' id='word_1_306' title='bbox 513 4511 653 4563; x_wconf 80' lang='lat' dir='ltr'><strong>vocabulum</strong></span> <span class='ocrx_word' id='word_1_307' title='bbox 678 4510 754 4563; x_wconf 73' lang='lat' dir='ltr'><strong>deria</strong></span> <span class='ocrx_word' id='word_1_308' title='bbox 771 4514 799 4562; x_wconf 88' lang='lat' dir='ltr'><strong>ut</strong></span> <span class='ocrx_word' id='word_1_309' title='bbox 815 4513 878 4578; x_wconf 77' lang='lat' dir='ltr'><strong>apud</strong></span> <span class='ocrx_word' id='word_1_310' title='bbox 896 4515 1015 4564; x_wconf 78' lang='lat' dir='ltr'><strong>nostrates</strong></span> <span class='ocrx_word' id='word_1_311' title='bbox 1030 4529 1099 4578; x_wconf 76' lang='lat' dir='ltr'><strong>nepe</strong></span> <span class='ocrx_word' id='word_1_312' title='bbox 1117 4516 1194 4564; x_wconf 74' lang='lat' dir='ltr'><strong>tolum</strong></span> <span class='ocrx_word' id='word_1_313' title='bbox 1211 4515 1307 4565; x_wconf 85' lang='lat' dir='ltr'><strong>domum</strong></span> <span class='ocrx_word' id='word_1_314' title='bbox 1324 4513 1398 4578; x_wconf 71' lang='lat' dir='ltr'><strong>signi-</strong></span> 
     </span>
     <span class='ocr_line' id='line_1_38' title="bbox 214 4591 1218 4662; baseline 0.005 -21"><span class='ocrx_word' id='word_1_315' title='bbox 214 4591 278 4652; x_wconf 55' lang='lat' dir='ltr'><strong>tab</strong></span> <span class='ocrx_word' id='word_1_316' title='bbox 296 4592 342 4643; x_wconf 84' lang='lat' dir='ltr'><strong>rid.</strong></span> <span class='ocrx_word' id='word_1_317' title='bbox 360 4593 443 4644; x_wconf 69' lang='lat' dir='ltr'><strong>amr.</strong></span> <span class='ocrx_word' id='word_1_318' title='bbox 461 4593 519 4644; x_wconf 81' lang='lat' dir='ltr'><strong>cto.</strong></span> <span class='ocrx_word' id='word_1_319' title='bbox 538 4594 594 4652; x_wconf 72' lang='lat'><strong>204.</strong></span> <span class='ocrx_word' id='word_1_320' title='bbox 613 4595 675 4644; x_wconf 83' lang='lat' dir='ltr'><strong>Pers.</strong></span> <span class='ocrx_word' id='word_1_321' title='bbox 694 4596 751 4646; x_wconf 75' lang='lat'><strong>865.</strong></span> <span class='ocrx_word' id='word_1_322' title='bbox 770 4595 843 4662; x_wconf 83' lang='lat' dir='ltr'><strong>Soph.</strong></span> <span class='ocrx_word' id='word_1_323' title='bbox 861 4594 921 4648; x_wconf 81' lang='lat' dir='ltr'><strong>Aiax</strong></span> <span class='ocrx_word' id='word_1_324' title='bbox 937 4596 995 4655; x_wconf 73' lang='grc'><strong>860,</strong></span> <span class='ocrx_word' id='word_1_325' title='bbox 1013 4596 1071 4646; x_wconf 83' lang='lat' dir='ltr'><strong>Oad.</strong></span> <span class='ocrx_word' id='word_1_326' title='bbox 1090 4595 1142 4646; x_wconf 85' lang='lat' dir='ltr'><strong>Col.</strong></span> <span class='ocrx_word' id='word_1_327' title='bbox 1160 4597 1218 4648; x_wconf 82' lang='lat' dir='ltr'><strong>oss.</strong></span> 
     </span>
    </p>
   </div>
   <div class='ocr_carea' id='block_1_5' title="bbox 0 0 1719 5360">
    <p class='ocr_par' dir='ltr' id='par_1_11' title="bbox 0 0 1719 5360">
     <span class='ocr_line' id='line_1_39' title="bbox 0 0 1719 5360; baseline 0 0"><span class='ocrx_word' id='word_1_328' title='bbox 0 0 1719 5360; x_wconf 95' lang='lat' dir='ltr'><strong> </strong></span> 
     </span>
    </p>
   </div>
  </div>
 </body>
</html>
